3092 4928
1198 363 1269 460 'aa

279 594 380 677 Atqui
400 594 624 659 tantummodo
646 611 684 657 ex
706 597 799 674 parte
822 592 929 674 aliqua
955 594 1037 658 duae
1059 591 1133 658 illae
1156 609 1270 656 causae

195 695 262 760 stili
276 696 525 777 discrepantiam
540 696 625 760 inter
639 694 800 776 dialogum
817 698 850 759 et
864 695 1017 760 historica
1031 693 1135 758 Taciti
1149 694 1272 774 scripta

194 799 447 864 intercedentem
468 798 627 880 explicare
649 802 794 880 possunt,
822 814 924 879 neque
950 813 1026 860 vero
1049 795 1177 859 omnino
1199 813 1270 889 eam

194 900 322 981 planam
344 899 449 966 facere
471 905 504 967 et
526 899 747 982 comprobare:
770 901 856 983 quod
878 917 955 965 sane
976 898 1047 963 fieri
1068 918 1132 963 non·
1152 903 1270 980 potest,

195 1003 258 1067 nisi
279 1003 307 1068 si
327 1003 551 1069 historicorum
568 1003 721 1068 librorum
738 1003 910 1068 dictionem
923 1000 1054 1082 penitus
1067 1005 1270 1082 perspectam

194 1104 336 1171 habebis.
381 1106 523 1183 Quorum
548 1106 633 1170 enim
656 1106 750 1173 stilus
772 1123 835 1175 non
858 1103 945 1168 omni
968 1121 1007 1168 ex
1028 1107 1122 1184 parte
1143 1103 1271 1168 nativus

195 1211 255 1286 est,
279 1208 338 1273 sed
362 1207 540 1286 affectatus,
569 1207 743 1290 quaesitus
769 1205 953 1285 simulatus,
967 1213 970 1218 '
986 1210 1083 1287 atque
1112 1205 1146 1268 id
1168 1204 1272 1269 Taciti

195 1309 333 1374 maxime
361 1315 412 1375 est
432 1308 597 1391 proprium
628 1329 728 1394 eoque
755 1309 796 1375 ab
822 1308 1008 1393 aequalibus
1036 1307 1152 1385 diflert,
1185 1309 1272 1391 quod

196 1412 369 1478 dictionem
390 1411 458 1478 fere
479 1411 662 1477 universam
685 1411 755 1492 sibi,
783 1417 889 1477 totum
911 1410 1067 1475 orationis
1088 1409 1211 1474 vultum
1234 1428 1271 1475 ac

196 1515 333 1579 colorem
356 1516 399 1579 ad
421 1513 521 1579 animi
534 1514 734 1581 affectionem
757 1521 790 1580 et
803 1512 951 1580 habitum
972 1513 1042 1594 ipse
1061 1512 1169 1578 finxit:
1198 1513 1271 1578 uni-

195 1635 306 1682 versus
329 1616 433 1682 Taciti
462 1616 555 1683 stilus
576 1617 609 1682 in
631 1635 728 1682 unam
744 1635 901 1701 quamque
923 1621 1050 1696 partem
1072 1616 1216 1684 consulte
1238 1620 1271 1688 et

105 1772 112 1782 .
197 1717 337 1799 cogitate
359 1717 465 1784 factus
487 1724 546 1786 est.
587 1718 765 1802 Singularis
786 1721 866 1786 haec
888 1718 1038 1784 dictionis
1060 1717 1270 1784 conformatio

195 1819 455 1901 psychologicum
479 1821 639 1902 quoddam
661 1822 759 1888 habet
780 1821 1034 1888 fundamentum.
1074 1819 1222 1886 Crudelis
1237 1825 1271 1884 et

196 1939 310 1987 saevus
341 1921 519 1988 Domitiani
554 1923 765 2006 principatus,
803 1924 853 1990 cui
889 1941 953 1987 non
989 1921 1091 1987 solum
1127 1941 1271 2004 quaeque

196 2020 357 2089 libertatis
390 2023 591 2106 significatio,
629 2027 686 2090 sed
719 2024 834 2092 nobilis
866 2024 963 2090 etiam
996 2023 1129 2106 quisque
1162 2028 1270 2088 motus

196 2125 393 2206 periculosus
425 2124 604 2206 videbatur,
642 2127 790 2193 absoluta
821 2126 1001 2192 honestatis
1037 2125 1203 2207 oppressio
1237 2131 1270 2190 et
1365 2141 1370 2161 *

196 2228 418 2309 perversitatis
447 2230 602 2311 potentia,
635 2229 769 2296 ultimae
801 2227 965 2295 servitutis
996 2226 1083 2310 longi
1109 2227 1156 2293 illi
1185 2227 1269 2305 anni,

197 2328 311 2411 quibus
332 2330 477 2397 homines
499 2335 711 2409 ‚memoriam
728 2353 854 2420 quoquc
876 2335 983 2416 ipsam
1007 2351 1077 2398 cum
1092 2352 1172 2396 coce
1192 2352 1269 2415 per·-

197 2432 370 2510 didtrrcat‚
393 2435 422 2498 si
446 2441 511 2498 tam
532 2436 571 2516 in,
580 2443 698 2500 nostro
715 2443 883 2519 potestate
905 2443 990 2498 esset
1011 2433 1159 2498 oblivisci
1174 2453 1270 2520 quom

197 2542 349 2612 lacere,“
358 2536 384 2617 ¹)
400 2541 503 2600 totam
516 2536 619 2602 Taciti
630 2543 770 2603 mentem
780 2536 1014 2604 vehementisse
1024 2540 1270 2618 penetraverant

196 2643 293 2719 atque
314 2643 539 2720 permoverant
560 2644 594 2704 et
614 2638 722 2706 vivida
747 2637 875 2704 illorum
901 2642 1084 2720 temporum
1114 2636 1270 2702 memoria

195 2737 228 2804 in
244 2739 313 2805 eius
334 2746 466 2820 pectore
487 2740 650 2807 haerebat.
685 2739 873 2818 Quindecim
888 2757 946 2821 per
961 2757 1062 2805 annos
1082 2738 1269 2820 impositum

196 2841 357 2906 silentium
373 2841 537 2924 ingenium
552 2842 686 2908 sublime
702 2847 735 2909 et
749 2848 893 2908 erectum
906 2840 1085 2924 impedivit,
1101 2840 1270 2923 quominus

196 2944 239 3008 ad
271 2949 421 3008 naturam
453 2949 486 3008 ot
518 2945 716 3012 voluntatem
753 2946 999 3027 expanderetur,
1036 2947 1070 3009 et
1102 2943 1269 3026 scriptoris

196 3046 339 3111 animum
354 3047 387 3111 in
404 3047 554 3113 tetricam
572 3049 660 3114 illam
674 3048 898 3114 austeritatem
914 3053 947 3112 et
963 3046 1128 3112 trist‘tiam
1143 3065 1268 3111 rerum-

195 3167 257 3231 que
278 3149 489 3213 hnmanarum
516 3149 757 3232 despicientiam
783 3148 957 3228 inclinavit,
988 3148 1179 3232 quaomnia
1201 3148 1269 3213 eius

196 3251 316 3333 scripta
341 3249 467 3316 imbuta
494 3257 586 3329 sunt3
624 3251 834 3340 cogitationes
862 3270 926 3317 non
954 3251 1074 3316 liberae
1103 3251 1197 3316 etin
1219 3250 1268 3315 in-

195 3352 306 3417 fimum
326 3357 441 3434 pectus
462 3371 629 3435 repressae
650 3353 816 3435 proprium
830 3371 974 3432 acumen,
997 3371 1037 3418 ne
1052 3352 1157 3418 dicam
1179 3369 1269 3416 acer-

195 3454 329 3520 bitatem
352 3462 561 3538 acceperunt3
598 3455 658 3521 hac
686 3461 850 3538 tamqnam
876 3455 1087 3536 permixtione
1114 3454 1269 3520 intestina

196 3557 289 3622 stilus
311 3555 409 3622 etiam
431 3557 588 3639 impulsus
610 3563 644 3623 et
666 3557 808 3625 directus
831 3576 921 3623 suam
942 3557 1027 3624 viam
1049 3556 1132 3623 iniit.
1168 3555 1269 3620 Prae-

182 3659 282 3723 clara
311 3665 387 3724 sunt
415 3659 448 3724 in
475 3661 561 3726 hunc
590 3661 694 3727 locum
725 3659 893 3743 samem)
921 3659 1035 3725 verba:
1072 3660 1153 3736 „die
1181 3657 1267 3723 nael

195 3781 317 3826 cassen
336 3761 510 3846 yelemmle
525 3761 617 3847 lcmft
639 3773 759 3829 nicerte
781 3763 852 3828 oieb
874 3765 907 3828 in
929 3763 1000 3828 siclt
1022 3759 1182 3845 carbaseo
1199 3760 1269 3826 aad

196 3931 401 3942 ——u———o

272 4017 291 4050 .1
390 4015 396 4027 ¹

280 4016 306 4167 ’Ξ
323 4013 555 4169 ΐέίῗωῇ.02.θ.21-
581 4097 706 4155 Eandem
735 4115 845 4156 oausam
875 4099 1100 4171 psychologicam
1130 4098 1267 4170 singulari

195 4180 313 4238 dictioni
325 4182 456 4238 Taciteae
468 4181 615 4240 Herderus
630 4184 765 4256 supponit
781 4186 811 4242 iu
829 4186 1003 4257 „castellan
1016 4187 1069 4241 des
1082 4185 1267 4242 elassiselen

195 4267 367 4324 allertcms“
385 4267 426 4325 Π.
445 4285 473 4338 p.
487 4270 547 4324 310.
566 4286 609 4339 sq.
