3092 4928
1201 427 1246 496 19

175 621 339 689 Vitellium
362 631 473 690 exorto
497 625 540 707 (a.
564 633 613 691 69.
637 644 732 691 aerae
747 627 889 708 nostrae)
905 625 1082 708 Vipstanus
1097 628 1247 694 Messalla

175 726 322 792 tribunus
344 728 463 810 legioni
485 727 639 809 septimae
662 728 865 805 Claudianae
879 728 1028 811 praefuit
1048 735 1091 810 et,
1120 736 1157 795 ut
1184 731 1247 796 Ta·

176 830 258 894 citus
282 829 457 908 confirmat,
481 830 567 896 solus
589 832 631 894 ad
650 831 684 894 id
698 831 816 896 bellum
837 832 937 897 bonas
959 838 1045 898 artes
1067 833 1178 899 attulit
1202 835 1244 916 (v.

173 932 248 996 hiet.
271 933 330 996 III.
355 951 380 998 c.
406 942 435 998 9.’
460 934 539 1015 18.);
562 934 768 999 historiarum
790 935 888 999 etiam
913 936 1050 1017 scriptor
1072 935 1170 1001 fuisse
1198 936 1246 1000 vi-

174 1034 278 1115 detur,
302 1042 339 1100 ut
360 1036 520 1118 colligitur
542 1056 580 1102 ex
602 1036 675 1102 Tac.
697 1037 772 1102 hist.
794 1038 853 1101 III.
878 1056 904 1102 c.
928 1045 978 1103 25.
1003 1039 1152 1120 (quocum
1174 1039 1244 1106 loco

175 1136 318 1202 conferas
341 1139 483 1203 eiusdem
504 1138 578 1204 libri
600 1157 626 1204 c.
651 1141 727 1223 28),
750 1140 805 1205 ubi
827 1139 957 1204 Tacitus
979 1141 1048 1221 ipsc
1075 1161 1112 1206 eo
1143 1142 1246 1206 utitur

174 1245 314 1304 auctore.
358 1239 571 1324 Magnumque
604 1247 637 1306 et
669 1243 801 1323 pietatis
833 1246 866 1306 et
897 1243 1096 1324 eloquentiae
1127 1242 1246 1308 famam

175 1342 312 1424 adeptus
334 1349 393 1423 θεῖ,
425 1363 496 1408 cum
525 1363 584 1426 pro
609 1343 709 1410 fratre
736 1344 874 1427 Aquillio
895 1345 1019 1426 Regulo
1048 1345 1087 1410 ob
1114 1364 1246 1411 accusa-

174 1444 277 1510 tiones
299 1445 438 1526 turpiter
460 1453 589 1512 exactas
604 1452 719 1528 arguto
734 1447 926 1527 deprecatus
948 1452 1035 1512 θεεθῖ
1058 1448 1145 1531 (Τθθ.
1169 1449 1244 1513 hist.

173 1545 229 1610 IV.
252 1565 278 1610 c.
302 1548 377 1632 42),
400 1549 455 1630 qui
475 1566 667 1630 quamquam
693 1551 889 1626 „oromatum
912 1550 1062 1633 bipedum
1087 1553 1245 1637 oequissi-

173 1655 270 1714 muc“
298 1649 392 1734 (Plin.
415 1669 486 1732 epp.
509 1651 534 1714 Ι.
559 1650 603 1734 5.)
625 1656 658 1715 θῖ
679 1650 824 1731 pluribus
844 1651 923 1716 locis
945 1671 965 1715 a
986 1651 1088 1715 Plinio
1104 1656 1145 1715 ut
1158 1651 1246 1715 frau-

174 1750 324 1816 dulentus
347 1753 526 1818 causidicus
541 1758 575 1818 et
593 1758 859 1818 testamentorum
875 1758 1023 1834 captator
1040 1754 1246 1818 meritissimo

173 1852 352 1934 flagellatus
387 1861 496 1920 tamen
525 1854 722 1938 aVipstano
758 1849 909 1921 Messalla
944 1857 1044 1921 fratre
1066 1858 1099 1921 in
1128 1857 1246 1922 iudicio

174 1957 400 2023 sublevabatur
426 1978 489 2024 non
512 1977 641 2024 causam
662 1977 873 2040 aequoreum
895 1965 1015 2038 tuente,
1039 1960 1097 2023 sed
1118 1959 1245 2039 pericu-

174 2057 214 2124 lis
228 2060 338 2125 l'ratris
353 2068 454 2126 semet
469 2067 660 2142 opponente.
693 2061 823 2126 Tacitus
838 2060 894 2125 ubi
907 2061 941 2124 id
963 2065 1083 2139 narrat,
1106 2061 1245 2142 aliquam

174 2163 328 2242 temporis
350 2162 597 2243 descriptionem
620 2163 728 2243 addit;
764 2165 843 2228 dicit
865 2164 948 2228 enim
979 2163 1161 2228 Messallam
1188 2165 1254 2227 dea
1341 2225 1342 2228 ,

173 2263 313 2329 fendisse
334 2264 468 2330 fratrem
488 2266 659 2341 „nondum
681 2269 851 2330 senatoria
874 2273 1019 2345 aetate,“
1043 2284 1124 2349 quae
1153 2272 1244 2334 aetas

175 2373 225 2433 θεῖ
246 2387 348 2434 annus
373 2368 542 2432 vicesimus
568 2367 707 2449 quintus.
761 2369 821 2433 Illa
852 2387 904 2434 res
937 2373 1045 2432 autem
1076 2367 1163 2433 facta
1194 2377 1244 2433 est
1296 2439 1298 2446 s

174 2471 313 2536 secundo
341 2469 467 2552 imperii
488 2469 696 2552 Vespasianei
718 2491 810 2549 anno,
833 2471 864 2536 h.
887 2490 914 2535 e.
938 2491 966 2535 a.
991 2479 1040 2536 70.
1062 2471 1114 2536 vel
1137 2479 1186 2535 71.
1210 2492 1241 2552 p.

174 2575 248 2642 cnr.
271 2595 302 2640 n.
345 2574 449 2639 Natus
470 2573 576 2656 igitur
591 2579 661 2640 crat
682 2573 833 2639 Messalla
853 2593 917 2642 non
939 2576 1014 2638 ante
1036 2592 1155 2638 annum
1171 2581 1241 2652 46.;

174 2697 268 2762 quem
290 2696 408 2743 annum
429 2676 569 2742 natalem
592 2676 796 2757 sperimus,
823 2675 982 2755 Messalla,
1015 2693 1088 2740 cum
1114 2675 1248 2756 dialogo

174 2786 283 2846 nostro
305 2781 484 2857 interesset,
507 2797 626 2844 annum
648 2777 765 2860 agebat
779 2777 845 2842 fere
859 2779 1044 2843 vicesimum
1059 2778 1240 2859 septimum,

173 2903 255 2966 quae
277 2889 368 2948 aetas
390 2883 510 2964 optime
525 2881 613 2946 cadit
628 2886 661 2944 et
676 2881 708 2944 in
724 2880 828 2945 Taciti
843 2885 876 2945 et
891 2881 923 2945 in
939 2880 1058 2962 dialogi
1072 2881 1240 2962 tempus.¹)

172 2987 279 3052 Minus
301 2986 430 3069 quidem
452 2990 540 3050 certa
561 2983 681 3048 mentio
703 2984 746 3046 ad
767 3001 825 3047 nos
846 2982 972 3064 perlata
992 2987 1042 3048 est
1057 2985 1097 3048 de
1111 2981 1242 3064 reliquis

173 3089 391 3154 collocutionis
414 3086 508 3152 sociis
529 3103 631 3168 neque
652 3084 718 3150 fere
740 3084 914 3169 quidquam
936 3087 977 3150 de
999 3086 1038 3151 iis
1059 3085 1241 3166 accepimus

172 3191 234 3257 nisi
255 3192 340 3275 quod
362 3209 401 3254 ex
423 3188 549 3271 dialogo
570 3189 640 3269 ipso
663 3192 805 3270 apparet.
858 3188 999 3265 Quorum
1025 3187 1149 3268 primus
1176 3187 1239 3250 Ou-

172 3293 286 3359 riatius
300 3292 466 3358 Maternus
480 3291 664 3372 ingeniosus
679 3290 917 3371 tragoediarum
928 3295 1025 3371 poeta
1039 3287 1109 3368 fuit,
1125 3287 1240 3370 quibus

172 3397 325 3479 pristinas
351 3394 489 3461 virtutes
516 3392 687 3475 populares
717 3391 888 3458 revocabat
920 3397 953 3455 et
985 3390 1124 3472 aliquam
1156 3390 1240 3455 inter

173 3498 322 3582 aequales
343 3497 479 3581 gloriam
501 3495 562 3562 sibi
582 3494 726 3576 parabat.
771 3493 927 3560 Martialis
949 3497 1057 3557 autem
1079 3491 1184 3557 verbis
1206 3490 1238 3556 in

172 3601 272 3683 epigr.
295 3599 333 3664 X.
358 3607 422 3664 37.:

258 3704 364 3780 ‚duris
386 3710 417 3766 et
440 3722 617 3789 aequarum
641 3704 748 3768 cultor·
769 3702 972 3766 sanctissime
994 3701 1111 3783 lepram,

257 3805 403 3870 veridico
426 3803 557 3869 Latium
579 3807 633 3891 qui
654 3807 744 3888 repis
767 3824 825 3868 oro
844 3801 982 3886 forum“
1004 3803 1065 3864 cet.

172 3907 224 3974 hic
259 3911 367 3974 noster
403 3905 565 3973 Curiatius
600 3905 765 3971 Maternus
809 3924 873 3970 non
909 3903 1036 3968 videtur
1075 3901 1237 3981 denotari;

172 4113 374 4124 —u--au—-n—

258 4235 283 4300 ¹)
300 4229 401 4288 Nescio
419 4247 455 4288 an
471 4231 546 4286 idem
562 4229 650 4286 fuerit
666 4230 714 4285 ille
726 4229 866 4297 Messalla,
881 4228 928 4296 qni
939 4245 964 4282 a.
978 4227 1039 4282 115.
1052 4227 1102 4282 snb
1116 4227 1236 4282 Traiano

173 4333 234 4374 cnm
243 4317 401 4374 M.Ped0ne
407 4317 573 4388 Vergiliano
581 4316 676 4372 consul
682 4322 792 4372 creatus
801 4320 846 4372 θεῖ
854 4311 1056 4384 (ctllckstein.
1066 4314 1086 4369 l.
1096 4314 1116 4369 l.
1127 4331 1155 4382 p.
1169 4316 1236 4383 19.).
