3092 4928
1212 403 1261 470 1'3'

182 594 323 658 virorum
347 596 464 660 aetatis
488 615 564 661 suae
587 595 875 664 illustrissimorum
898 606 933 664 et
949 601 1086 666 maxima
1101 603 1260 683 dignitato

181 696 405 777 praeditorum·
423 698 576 763 societate
599 703 697 780 atquc
719 698 939 766 familiaritate
966 701 1149 784 implicatus
1176 710 1256 782 snat,

181 799 310 864 etiamsi
332 800 401 864 cius
422 800 482 865 hoc
505 801 696 882 opusculum
708 808 892 884 superesset
914 803 1026 880 solum,
1050 805 1171 869 nullam
1188 824 1258 869 om-

180 901 256 965 nino
279 901 445 966 scientiam
467 901 657 967 haberemus
683 921 787 986 neque
817 905 858 968 de
889 903 958 992 eius
987 906 1054 969 rita
1084 923 1187 987 neque
1216 909 1257 971 de

180 1003 309 1067 nomine
323 1004 497 1085 quidquam
521 1003 713 1070 nobisesset
739 1007 922 1070 traditum?
963 1007 1033 1083 Qua
1056 1003 1255 1074 dubitatione

181 1104 383 1170 anonnullis
405 1121 468 1169 non
490 1105 616 1184 iniuria,
639 1123 722 1183 reor,
746 1124 855 1171 eorum
876 1109 1054 1174 sententiaa
1068 1110 1255 1188 occurritur,

182 1205 237 1287 qui
258 1211 406 1271 statuunt
429 1206 592 1288 dialogum
615 1209 656 1272 de
679 1208 864 1275 oratoribus
882 1227 954 1276 esse
975 1227 1178 1292 anonymum.

266 1307 356 1372 Haec
388 1313 439 1374 est
466 1319 575 1390 pugna
608 1309 869 1375 doctissimorum
901 1313 1044 1376 virorum
1064 1313 1106 1377 de
1134 1313 1258 1394 origine

182 1408 303 1490 dialogi
324 1409 577 1487 decretoribus,
610 1411 674 1475 llas
704 1416 779 1476 sunt
806 1413 952 1494 prolatae
984 1415 1188 1478 coniecturae
1217 1416 1257 1479 de

182 1512 254 1575 eius·
273 1513 413 1576 auctore.
458 1511 545 1588 Quas
567 1512 595 1576 si
623 1513 735 1578 animo
764 1514 950 1596 diligentius
982 1517 1193 1596 perpenderis
1223 1522 1257 1580 et

182 1612 320 1692 simplici
355 1614 543 1696 integroque
575 1615 694 1681 iudicio
727 1617 959 1694 aestimaveris
997 1635 1107 1682 omnes
1143 1619 1256 1682 eodem

183 1714 261 1778 vitio
294 1714 440 1781 laborare
471 1732 657 1799 cognoscem
696 1733 806 1785 omncs
837 1719 921 1784 enim
947 1735 967 1783 a
993 1723 1084 1784 certo
1117 1719 1256 1801 quodam

182 1817 378 1896 praeiudicio
399 1818 463 1883 iam
486 1826 561 1884 ante
584 1824 680 1902 capto
702 1821 887 1886 ordiuntur:
921 1819 1068 1886 Tacitum
1091 1826 1255 1886 auctorem

182 1919 302 2000 dialogi
323 1939 386 1985 non
407 1940 502 2003 posse
524 1939 611 2000 esse3
633 1928 668 1988 et
690 1925 732 1988 ad
753 1923 815 1988 hoc
829 1922 1062 2004 praeiudicium
1078 1923 1183 1988 causis
1197 1921 1253 1986 fir-

182 2013 334 2087 mandum
359 2023 487 2105 quaevis
509 2025 692 2107 argumenti
713 2027 845 2108 species,
868 2025 1024 2107 quidquid
1046 2024 1157 2089 Tacito
1179 2042 1256 2089 con-

182 2123 318 2188 tronium
341 2140 411 2190 esse
431 2125 568 2204 uidetur,
591 2127 738 2193 omnibus
764 2145 803 2192 ex
830 2125 978 2208 partibus
1004 2125 1202 2208 conquiritur
1223 2132 1257 2190 et

182 2225 353 2307 colligitur.
398 2227 536 2306 Quadi,
570 2234 607 2292 ut
628 2228 774 2310 singulae
802 2227 876 2293 illac
906 2243 1021 2292 causae
1042 2232 1094 2290 tot
1115 2226 1256 2292 habeant

182 2329 360 2394 contrarios
393 2335 471 2413 quot
501 2329 697 2408 defensores,
730 2330 805 2412 quia
835 2329 867 2407 ii,
899 2329 955 2411 qui
983 2328 1147 2394 Taciteam
1184 2347 1255 2394 asse

183 2431 303 2513 dialogi
331 2433 487 2514 originem
516 2433 723 2509 contendunt,
761 2431 873 2497 eodem
910 2431 1005 2494 modo
1037 2448 1150 2496 causas
1182 2431 1256 2497 hinc

181 2533 269 2598 illino
291 2533 424 2600 collatas
445 2533 608 2600 adhibent.
653 2534 697 2597 At
718 2551 759 2598 ne
781 2551 862 2614 opus
889 2539 939 2598 cst
961 2533 1090 2614 quidem
1113 2533 1256 2614 singulus

182 2635 254 2701 illas
279 2635 434 2702 rediture:
472 2635 529 2700 sed
565 2637 608 2700 ad
641 2636 738 2700 talem
766 2635 985 2717 quaestionem
1012 2629 1260 2716 disceptandam

182 2738 341 2818 primast
366 2736 616 2818 locupletissimo
645 2739 726 2802 duce
752 2737 802 2801 uti
823 2736 987 2814 debemus,
1027 2775 1064 2782 --
1102 2735 1255 2801 librorum

182 2839 366 2903 traditione.
398 2835 481 2903 Nam
503 2839 545 2903 de
566 2837 655 2903 libris
677 2838 906 2920 manuscriptis
928 2839 963 2902 id
984 2838 1138 2902 iudicium
1159 2838 1254 2916 salet,

183 2942 268 3021 quod
289 2941 451 3023 Hauptius
473 2941 506 3005 in
529 2940 683 3006 analectis
699 2940 851 3022 (Hermes
873 2941 898 3004 Ι.
914 2957 945 3020 p.
962 2941 1029 3023 27.)
1045 2940 1109 3004 alia
1124 2941 1255 3021 quidem

182 3043 308 3107 ratione
331 3043 424 3108 dicit:
447 3041 601 3122 „cicietur
623 3051 729 3108 antam
744 3042 822 3107 milti
836 3044 966 3107 omento
977 3043 1104 3126 priscis
1120 3041 1259 3106 testibus

182 3147 290 3208 maior
310 3163 407 3231 qnam
427 3162 529 3228 saepe
548 3143 586 3229 fit
604 3147 792 3210 reuerentia
814 3163 886 3209 esse
908 3142 1103 3220 exhibenda,
1131 3163 1198 3208 non
1220 3151 1256 3208 ut

182 3245 310 3310 addicti
330 3247 374 3316 iis
391 3249 497 3312 sinuo
519 3254 579 3310 out
599 3245 682 3311 nilil
702 3255 847 3330 tempora
874 3245 973 3309 ualde
1004 3247 1139 3331 antiquo
1162 3265 1255 3309 arna·
1314 3270 1320 3282 ·

182 3355 248 3412 tum
268 3355 340 3414 asca
358 3355 522 3433 patemus,
544 3358 658 3412 omnm
678 3356 716 3412 nt
738 3356 833 3412 canta
847 3363 890 3410 nc
908 3346 1054 3411 modale
1075 3346 1257 3412 iudicemus

181 3453 369 3536 nostrisque
412 3447 623 3534 opinionibus
664 3451 770 3514 mirans
812 3447 1048 3532 enodantur.
1091 3447 1256 3530 Quidquid
1347 3488 1351 3496 ·

181 3552 281 3633 igitur
301 3551 454 3616 librorum
476 3551 766 3633 manuscriptorum
788 3550 957 3616 traditioni
978 3548 1122 3626 debetur,
1145 3549 1256 3630 utique

181 3659 233 3721 est
254 3667 313 3737 pro
334 3669 410 3718 vero
432 3655 664 3736 accipiendum,
685 3654 763 3718 dum
784 3653 950 3718 ‘mnmaria
961 3655 1143 3733 maneant
1156 3669 1255 3730 argn-

182 3763 300 3834 menta,
323 3773 404 3838 quae
425 3755 528 3821 refelli
548 3769 613 3821 non
633 3756 760 3837 possint
778 3771 883 3838 neque
904 3751 1002 3819 illlam
1022 3752 1274 3842 dubitationem·

182 3858 357 3939 patiantur.
380 3857 469 3922 Haeo
483 3859 551 3923 sola
565 3864 616 3924 est
631 3859 717 3924 iusta
731 3858 814 3922 ratio
829 3857 950 3932 critica,
973 3853 1027 3919 illa
1042 3855 1134 3932 ratio,
1158 3872 1254 3935 quam

181 3961 240 4025 Im.
263 3959 430 4024 Bekkerus
449 3964 484 4024 et
505 3960 677 4042 praecipue
698 3959 924 4024 Lachmaunus
950 3958 983 4021 in
1010 3955 1156 4021 omnibus
1188 3957 1255 4021 suis

181 4060 272 4126 libris
293 4061 425 4127 edendis
452 4059 683 4140 adhibuerunt;
722 4061 767 4126 sic
797 4061 881 4126 enim
910 4079 974 4124 non
1005 4063 1114 4140 potest
1142 4059 1254 4136 errari,

181 4169 270 4230 certe
292 4163 441 4246 scriptori
461 4184 482 4229 a
504 4163 615 4228 critico
637 4181 800 4244 nunquam
815 4163 863 4227 vis
878 4166 987 4242 potest
1001 4160 1121 4237 afferri
1142 4159 1254 4240 itaque

180 4266 405 4331 Lachmaunus
427 4270 596 4346 tantopere
618 4265 678 4330 fuit
699 4271 814 4330 cautus
829 4266 868 4340 ‚in
884 4263 1084 4328 observanda
1098 4261 1252 4327 librorum
