3092 4928
1225 355 1263 469 11

199 625 293 689 quam
323 607 490 688 praeclara
522 605 630 670 indole
661 605 844 685 praeditum
877 603 1058 684 gravissimi
1090 603 1272 685 argumenti

200 709 451 789 disputationem
474 709 614 772 virorum
637 707 830 787 sapientium
857 705 984 769 omnino
1006 705 1151 787 potuisse
1176 703 1270 768 intel-

198 810 299 891 ligere
332 813 365 873 et
392 809 478 873 omni
506 813 662 889 exparte
695 809 868 888 percipere.
907 807 955 871 ‘Et
987 805 1109 871 Plinius
1142 805 1272 870 tametsi

199 911 442 992 quatuordecim
466 916 562 975 natus
584 929 684 976 annos
706 910 906 990 tragoediam
929 928 1076 990 graecam
1098 906 1271 990 scripserit,

200 1013 331 1078 tametsi
357 1012 483 1075 Livium
510 1012 769 1076 adolescentulus
799 1010 922 1092 legerit,
955 1009 1149 1075 clarissimos
1178 1028 1273 1091 prae-

201 1119 347 1196 ceptores
364 1114 536 1178 admodum
559 1114 746 1179 adolescens
768 1118 897 1178 secutus
913 1113 965 1191 sit,
987 1113 1118 1177 tametsi
1132 1111 1272 1175 omnium

202 1215 343 1298 denique
371 1216 552 1280 litterarum
579 1215 676 1280 luerit
708 1215 815 1282 indole
842 1214 1052 1295 capacissima
1083 1219 1117 1278 et
1149 1223 1274 1278 'summo

202 1318 327 1382 studio:
361 1321 445 1394 „uic
468 1326 688 1382 1111111111
716 1321 771 1382 oia
800 1317 966 1403 quidem‚“
996 1320 1034 1380 ut
1055 1320 1143 1379 recte
1165 1317 1274 1379 monet

200 1419 466 1501 Boetticherus,¹)
503 1427 656 1496 „lunium
694 1422 854 1486 caluisset
886 1421 1007 1503 ingenii
1043 1421 1201 1493 acumine,
1238 1425 1274 1480 ut

202 1517 298 1586 haias
320 1523 503 1606 argumenti
525 1523 719 1608 colloquium
740 1524 844 1609 sequi,
868 1521 985 1586 nedum
1007 1519 1043 1583 id
1064 1520 1153 1606 quod
1172 1541 1212 1582 11
1234 1539 1273 1582 eo

203 1625 376 1688 memoriae
414 1625 615 1700 neundosscl,
652 1627 728 1688 stilo
763 1627 946 1708 exprimere
978 1625 1178 1705 potuisset“.

290 1724 340 1790 Sic
362 1725 417 1790 illa
438 1726 536 1790 etiarn
558 1727 598 1790 de
618 1726 722 1791 Plinio
745 1726 905 1792 sententia
925 1723 1004 1789 levis
1019 1729 1069 1788 est
1083 1727 1117 1787 et
1131 1719 1273 1799 infirma;

203 1846 276 1890 nam
309 1827 450 1908 reliquae
486 1846 610 1906 causae,
645 1830 730 1911 quod
763 1828 894 1906 Plinius,
928 1825 1124 1892 clarissimus
1156 1829 1274 1900 orator,

203 1927 323 2008 optime
345 1928 487 2008 potuerit
509 1930 549 1994 de
576 1930 758 2012 eloquentia
787 1929 1048 1994 dissertationem
1076 1926 1216 1993 scribere
1243 1930 1276 1988 et

203 2031 289 2110 quod
311 2030 353 2093 ad
374 2029 509 2094 Fabium
525 2031 654 2095 iustum
678 2031 804 2097 libellus
826 2032 942 2095 missus
964 2030 1016 2107 sit,
1039 2029 1118 2093 nihil
1139 2026 1276 2110 probant

203 2149 305 2212 neque
325 2151 385 2212 pro
407 2131 510 2196 Plinio
532 2151 634 2214 neque
657 2142 770 2198 contra
791 2133 947 2210 Tacitum,
981 2133 1059 2196 dum
1088 2131 1152 2195 alia
1179 2147 1275 2210 argu-

203 2238 312 2296 menta
334 2234 460 2310 desunt,
483 2252 566 2315 quae
586 2235 664 2299 nihil
686 2236 870 2318 relinquunt
891 2233 989 2298 dubii.

290 2335 354 2398 Sed
376 2335 430 2399 alii
460 2335 557 2402 etiam
586 2357 606 2400 a
635 2338 794 2403 nonnullis
821 2335 980 2419 propositi
1012 2340 1086 2399 sunt
1118 2339 1275 2409 auctores,

203 2436 460 2518 quandoquidem
473 2437 602 2503 Tacitus
617 2458 680 2502 non
697 2458 767 2504 esse
789 2438 895 2504 debet.
941 2436 1025 2513 Quid
1041 2453 1116 2499 vero
1133 2434 1277 2498 dicamus

204 2539 244 2602 de
267 2538 301 2603 C.
326 2536 477 2602 Suetonio
493 2537 685 2622 Tranquillo,
709 2543 750 2606 de
764 2540 807 2605 M.
823 2539 951 2604 Valerio
966 2536 1116 2603 Messalla
1132 2535 1277 2610 Corvino,

205 2640 245 2703 de
268 2639 411 2705 Curiatio
433 2639 580 2705 Materno
603 2643 749 2726 denique,
784 2641 962 2724 dequibus
985 2639 1078 2704 multi
1100 2635 1276 2702 somniave-

203 2745 280 2804 runt
300 2739 409 2821 potius
431 2759 527 2822 quam
548 2743 784 2823 cogitaverunt!
811 2744 895 2808 Nam
918 2761 1031 2806 revera
1052 2738 1290 2822 aquibusdam,

204 2842 284 2907 tales
307 2843 484 2907 sententiae
507 2862 545 2908 ea
567 2846 635 2910 sola
657 2847 697 2911 de
717 2865 814 2911 causa
834 2845 980 2926 prolatae
1001 2842 1160 2918 ridentur,
1193 2838 1278 2921 quod
1354 2832 1356 2838 ’

205 2943 407 3025 opinionibus
431 2945 518 3026 capti
540 2947 714 3028 quamlibet
729 2947 894 3033 arripuere
910 2944 1082 3026 imaginem
1098 2940 1279 3024 argumenti

204 3048 246 3112 ad
269 3046 461 3110 sententiam
484 3047 728 3114 defendendam.
775 3049 877 3126 Quam
900 3065 983 3111 vana
1005 3051 1113 3109 autem
1141 3043 1190 3108 vel
1212 3042 1281 3114 uti<

204 3168 265 3231 que
287 3147 368 3212 falsa
391 3148 446 3212 illa
468 3157 658 3229 argumenta
672 3157 787 3218 contra
802 3149 965 3214 Taciteam
988 3146 1108 3226 dialogi
1123 3144 1277 3225 originem

205 3252 395 3332 interposita
425 3251 587 3314 interdum
619 3253 747 3330 fuerint,
781 3272 845 3317 nno
877 3253 1090 3331 cognoscatur
1123 3245 1277 3326 exemplo.

204 3353 338 3417 Nastius
378 3352 462 3416 enim
506 3352 539 3415 in
575 3354 810 3436 prolegomenis
849 3352 996 3417 translat.
1033 3349 1191 3415 vernacul.
1236 3349 1278 3412 ad

204 3453 395 3518 firmandam
430 3472 520 3518 suam
553 3457 745 3521 sententiam
778 3461 909 3536 praeter
941 3453 1021 3517 alias
1054 3471 1167 3517 causas
1196 3451 1278 3514 hanc

204 3557 311 3619 ali'ert:
334 3602 359 3630 „
372 3555 438 3619 Wie
460 3555 579 3622 lunate
606 3557 781 3636 Tocilas‚“
796 3557 910 3640 inquit,
934 3557 1029 3631 ..1111
1044 3555 1144 3619 1111111
1166 3555 1278 3617 odino·

204 3659 280 3722 eiam
304 3659 431 3720 imoeaie
452 3677 590 3735 aenaea,
624 3681 715 3726 111111
739 3682 776 3726 er
797 3660 882 3724 naci
910 3659 981 3723 dem
1004 3657 1277 3722 ausdriiclrliciea

203 3761 353 3842 zeaqniss
376 3758 436 3821 eles
465 3763 591 3826 ‹illerea
627 3762 754 3829 Plinius
785 3764 832 3840 (l.
866 3781 896 3828 a.
930 3759 999 3824 Vll.
1032 3779 1058 3824 c.
1082 3765 1151 3841 17.)
1183 3767 1279 3822 anter

128 3915 133 3920 .
212 3861 398 3944 Vespasium
421 3860 474 3925 die
494 3875 702 3946 precaretur
724 3867 757 3929 in
782 3864 910 3929 Galliea
928 3865 1111 3927 oerecuilele
1127 3860 1195 3925 aad
1213 3877 1277 3924 noa

206 3965 315 4027 111111
334 3962 511 4048 gemellam,
546 3968 637 4030 einer
667 3967 794 4031 lociler
821 3967 880 4030 des
906 3965 1015 4029 Julius
1038 3963 1209 4047 Agricola,
1239 3983 1278 4026 za

205 4176 409 4184 ....-----

292 4274 316 4338 ¹)
333 4269 368 4326 In
386 4272 441 4328 lex.
462 4271 528 4327 Tac.
548 4272 731 4340 prolegomm.
750 4287 775 4339 p.
793 4269 847 4325 IX.
