3092 4928
1205 358 1251 428 41

266 567 304 630 In
327 565 499 631 Germania
519 563 626 646 paullo
648 569 721 647 post
743 562 926 645 Agricolam
949 562 1038 627 edita
1067 561 1131 627 iam
1153 559 1257 626 multo

181 670 284 752 magis
306 679 408 734 novus
429 673 462 734 et
483 667 631 750 proprius
654 666 750 732 stilus
773 664 917 730 excultus
940 669 999 741 est,
1027 682 1121 745 quem
1144 668 1258 728 auctor

181 773 214 836 in
236 771 386 852 Agricola
407 770 471 835 iam
493 770 624 852 quidem
642 768 778 850 appetit,
801 767 859 832 sed
873 785 937 830 non
952 765 1032 831 satis
1046 765 1080 830 iu
1094 770 1257 847 potestate

182 873 311 937 videtur
337 876 460 937 tenere:
477 913 481 920 ·
498 869 677 938 sententiae
704 874 779 934 suut
800 867 963 934 breviores
992 873 1026 932 et
1054 869 1119 933 iam
1149 869 1257 950 potius

181 975 295 1040 leviter
310 973 507 1056 significatae
522 992 618 1055 quam
638 970 734 1052 plane
754 971 993 1035 demonstratae
1015 975 1049 1035 et
1063 970 1257 1062 declaratae,

183 1076 436 1142 constructiones
451 1073 687 1157 exquisitiores,
696 1071 841 1138 membra
854 1074 980 1139 variata
994 1078 1027 1138 et
1042 1072 1106 1138 iam
1121 1072 1260 1155 abrupta

183 1183 216 1243 et
244 1181 409 1242 contracta
437 1195 496 1242 nec
522 1193 649 1256 semper
674 1174 835 1240 rhetorico
858 1176 953 1241 modo
975 1175 1127 1240 concinne
1149 1180 1183 1241 et
1204 1193 1258 1240 ae-

184 1279 322 1360 qualiter
342 1279 428 1343 inter
449 1298 484 1344 se
507 1279 685 1343 coniuncta.

269 1375 486 1445 Historiarum
515 1379 590 1443 libri
620 1381 776 1459 prospera
797 1377 928 1442 Traiani
957 1382 1065 1452 aetate
1092 1377 1261 1460 compositi

185 1486 269 1559 suut,
303 1500 367 1563 qua
389 1479 570 1562 respublica
591 1478 791 1562 quietissima
813 1483 846 1544 et
868 1478 999 1546 Tacitus
1021 1481 1090 1562 ipse
1111 1481 1151 1545 ab
1175 1480 1262 1545 omni

182 1587 275 1664 parte
308 1581 513 1646 beatissimus
546 1586 626 1646 erat.
675 1581 790 1660 Itaque
818 1580 912 1646 stilus
941 1599 1051 1646 eorum
1079 1583 1178 1646 etiam
1202 1601 1261 1663 pro

183 1702 272 1748 more
294 1683 424 1750 Taciteo
445 1681 637 1763 purissimus
659 1687 719 1759 est,
742 1698 896 1747 nervosus
918 1683 1048 1765 quidem
1070 1689 1102 1749 et
1125 1684 1261 1762 subtilis,

185 1787 242 1851 sed
253 1779 402 1868 copiosus
410 1785 478 1850 sine
487 1785 723 1851 abundantiaet
732 1784 927 1864 praecellens
935 1786 1075 1867 quodam
1083 1786 1262 1867 splendore.

269 1887 322 1951 Ad
351 1905 511 1951 summum
538 1904 614 1951 vero
636 1881 773 1970 gradum
795 1886 926 1966 propria
948 1886 1054 1952 Taciti
1074 1887 1107 1952 in
1127 1887 1264 1952 historia

186 1988 356 2054 scribenda
388 1988 473 2053 ratio
506 1990 664 2069 perducta
695 1995 745 2055 est
777 1991 811 2055 in
841 1987 1009 2053 annalibus
1034 1988 1130 2055 finem
1152 2007 1264 2055 versus

187 2089 318 2155 Traiani
339 2088 540 2170 principatus
562 2094 596 2153 et
617 2091 719 2172 ipsius
741 2091 846 2158 Taciti
870 2091 955 2156 vitae
982 2090 1093 2156 editis:
1123 2095 1265 2155 extrema

188 2193 267 2258 etin
288 2191 395 2258 verbis
418 2193 507 2256 etin
528 2192 642 2274 figuris
664 2194 837 2272 subtilitas,
859 2191 1014 2258 vocabula
1028 2192 1183 2274 quaesita,
1207 2213 1265 2274 ap-

187 2302 312 2375 parata,
340 2294 563 2375 praegnantia,
596 2295 764 2360 iuncturae
792 2299 958 2362 contortae
986 2313 1044 2361 nec
1069 2314 1142 2360 raro
1165 2285 1265 2361 durae

187 2414 224 2462 ac
249 2395 418 2474 violentae,
452 2415 578 2460 summa
606 2415 682 2462 vero
704 2397 822 2480 ubique
852 2398 1008 2463 severitas
1031 2403 1064 2462 et
1090 2399 1267 2480 granditas,

187 2498 235 2563 ita
261 2503 298 2561 ut
328 2497 467 2581 cuipiam
497 2498 593 2563 nimis
623 2499 759 2564 molesta
786 2499 951 2564 videatur:
988 2504 1067 2582 quot
1088 2498 1195 2576 verba,
1217 2501 1268 2563 tot

188 2600 377 2684 sententiae,
410 2603 460 2663 tot
493 2599 704 2680 gravissimae
737 2601 959 2682 cogitationes,
992 2602 1040 2666 ita
1060 2606 1098 2665 ut
1120 2601 1268 2683 quodque

187 2699 320 2764 verbum
353 2699 507 2764 lectorem
539 2700 693 2766 intestino
722 2704 859 2784 quodam
882 2704 1005 2784 impetu
1034 2703 1202 2784 propellat,
1230 2721 1269 2768 ex

189 2801 316 2882 poetico
337 2800 496 2881 imprimis
517 2819 580 2866 usu
600 2821 696 2868 voces
718 2808 752 2868 et
773 2804 896 2886 figurae
917 2805 1085 2886 repetitae,
1108 2804 1186 2870 nihil
1201 2803 1268 2870 fere

191 2903 347 2968 sermonis
366 2901 518 2983 vulgaris.
562 2903 624 2969 Hic
646 2904 754 2985 igitur,
778 2905 833 2988 qui
847 2905 979 2971 annales
993 2911 1097 2984 omat,
1120 2907 1270 2988 proprius

190 3008 241 3069 est
262 3003 413 3068 Taciteae
443 3004 594 3070 dictionis
622 3006 741 3085 vultus,
770 3009 850 3072 haec
877 3024 954 3072 vera
976 3007 1166 3086 sublimitas,
1188 3007 1269 3073 haec

190 3122 316 3168 summa
336 3104 369 3166 in
391 3103 531 3170 historia
555 3110 775 3188 componenda
797 3108 868 3175 laus
890 3113 924 3172 et
946 3108 1062 3190 gloria:
1096 3109 1171 3174 hinc
1191 3128 1269 3174 vero
1362 3152 1365 3160 ·

191 3205 289 3270 etiam
305 3203 391 3269 iusta
405 3204 473 3270 stili
486 3207 702 3287 reprehensio.
739 3210 823 3274 Nam
837 3210 937 3276 talem
952 3211 1135 3288 dictionem,
1151 3211 1269 3293 quippe

191 3325 273 3390 quae
295 3305 374 3371 nihil
395 3305 462 3371 fere
483 3306 580 3372 habet
603 3309 713 3388 nativi,
737 3309 854 3393 ubique
869 3312 1025 3394 quaesita,
1047 3311 1133 3390 ficta,
1157 3317 1270 3378 coacta

192 3412 252 3485 est,
275 3425 338 3472 non
360 3407 488 3472 omnino
510 3427 582 3475 esse
603 3411 798 3477 laudandam
820 3432 879 3494 per
900 3432 935 3478 se
948 3414 1062 3496 liquet,
1093 3433 1196 3496 neque
1211 3415 1269 3478 de·

193 3513 278 3586 sunt,
301 3508 356 3589 qui
378 3508 418 3572 ob
441 3527 512 3574 eam
534 3529 664 3578 causam
686 3513 833 3579 Tacitum
857 3533 895 3580 cx
910 3515 1026 3581 sobolis
1040 3516 1270 3583 removendum

192 3628 263 3676 esse
285 3614 446 3676 censeant.
469 3647 510 3657 -

277 3711 366 3775 Haec
388 3711 488 3792 igitur
510 3715 616 3779 stadia
631 3715 734 3781 Taciti
753 3717 846 3782 stilus
861 3719 1029 3800 percurrit,
1051 3719 1102 3784 bis
1116 3718 1269 3800 gradibus

193 3811 236 3876 ad
258 3831 418 3876 summum
441 3832 517 3878 suae
539 3821 675 3882 naturae
697 3836 847 3884 cacumen
869 3839 1060 3901 progressus
1078 3824 1138 3885 est.
1182 3820 1268 3896 Qua-

194 3933 265 3978 cum
288 3914 320 3977 vi
342 3920 375 3978 et
397 3914 512 3979 effectu
534 3917 664 3984 Tacitus
686 3919 741 3984 illa
762 3922 894 4002 propria
916 3922 1060 3986 oratione
1083 3921 1122 3986 ab
1138 3927 1269 3986 auctore

193 4015 263 4095 ipso
285 4015 319 4078 in
341 4019 464 4079 certum
479 4015 574 4080 finem
590 4018 697 4085 efficta
713 4041 791 4087 usus
807 4025 850 4088 sit
863 4023 896 4088 in
911 4023 1000 4088 libris
1016 4025 1082 4088 suis
1095 4023 1268 4101 historicis,
1338 4065 1340 4070 ,
1435 4003 1439 4008 ⁶

194 4133 233 4180 ex
264 4133 302 4178 eo
334 4115 443 4180 videre
476 4118 560 4196 licet,
591 4123 677 4202 quod
702 4123 836 4207 quisque
859 4144 914 4191 eos
936 4125 1121 4206 diligentius
1142 4125 1268 4206 legerit,

194 4215 397 4293 lectitaverit,
424 4227 646 4300 perscrutatus
672 4225 742 4302 erit,
772 4225 972 4304 intellexerit,
995 4228 1152 4292 sermonis
1174 4245 1270 4310 gran-
