3092 4928
1200 424 1248 498 25

181 637 302 698 sentem
325 632 488 697 hominum
511 637 658 697 naturam
681 632 826 713 respicit:
857 636 923 696 tam
946 633 1090 698 modeste
1104 619 1146 696 ¹et
1168 636 1251 696 tem·

179 740 330 816 perantes
360 753 456 817 quam
486 734 685 798 considerate
714 741 747 799 et
779 735 911 816 provide
942 753 1012 799 eam
1046 735 1251 816 amplectitur

179 838 373 919 reipublicae
399 838 545 915 formam,
573 855 662 918 quae,
693 855 764 901 cum
793 837 879 902 cives
909 836 1121 901 dedidicerint
1150 840 1252 900 semet

179 941 243 1022 ipsi
262 958 408 1021 regnare,
432 939 500 1004 sola
521 939 725 1004 securitatem
741 940 879 1022 aliquam
896 945 929 1005 et
944 940 1080 1004 salutem
1094 943 1249 1021 praestat.

179 1043 389 1120 ‚‚Tacitus‚“
403 1042 507 1126 inquit
520 1041 754 1124 Nipperdeyus
763 1042 786 1124 ¹)
809 1046 881 1118 „ise
900 1043 1070 1126 aubiiuper
1086 1042 1144 1106 des
1158 1043 1251 1125 prin-

181 1149 307 1230 cipales
340 1166 403 1210 aas
438 1146 642 1229 resipuatiou
679 1145 748 1209 trud
783 1145 1006 1230 iiberzeupuup
1042 1165 1107 1210 nou
1143 1147 1252 1208 seiuer

181 1248 430 1332 actuandiplrait
450 1245 508 1330 fiir
530 1247 592 1311 deu
612 1247 794 1312 rdmiscdeu
816 1254 943 1312 staal“.
987 1249 1026 1312 In
1047 1247 1141 1311 unius
1162 1246 1251 1330 prin-

181 1351 261 1432 cipis
283 1351 418 1433 imperio
440 1349 539 1430 igitur
561 1348 691 1413 Tacitus
705 1349 898 1430 reipublicae
913 1349 1049 1414 salutem
1065 1356 1097 1414 et
1112 1349 1252 1431 quietem

180 1454 318 1534 positam
349 1470 419 1517 esse
448 1451 553 1528 videt3
587 1467 688 1532 neque
718 1451 890 1533 quidquam
918 1452 1043 1532 patriae
1073 1456 1106 1516 et
1131 1450 1252 1516 ciuibus

180 1554 398 1620 vehementius
430 1552 626 1632 imprecatur
657 1553 720 1616 nisi
747 1557 785 1617 ut
817 1553 1033 1638 principatum
1067 1558 1177 1618 teneat
1203 1553 1252 1616 vir

181 1676 276 1740 quam
298 1658 439 1738 optimus
461 1660 494 1720 et
516 1653 731 1735 dignissimus.
776 1655 823 1720 Ac
845 1655 955 1721 multis
977 1656 1055 1722 locis
1081 1656 1168 1737 apud
1189 1655 1252 1719 Ta-

181 1761 280 1826 citum
302 1758 444 1840 reperies
465 1756 668 1822 Homericam
691 1755 778 1822 illam
802 1759 1011 1822 sententiam:

306 1860 362 1928 οὐκ
384 1855 523 1945 dyaddr'
535 1862 774 1947 πολυκοιρανίη,
804 1857 848 1936 εἷς
870 1865 1018 1946 κοίρανος
1039 1864 1128 1926 ἔστω.

266 1965 391 2031 Idcirco
402 1963 476 2030 hist.
490 1964 515 2028 I.
530 1972 576 2029 16.
587 1962 721 2027 Galbam
730 1962 877 2028 Pisonem
889 1964 1078 2044 adoptatum
1089 1960 1252 2027 hisverbis

181 2070 260 2136 facit
274 2068 506 2149 alloquentem:
537 2068 595 2143 „si
617 2069 801 2131 immensum
823 2069 952 2151 imperii
968 2088 1091 2150 corpus
1105 2076 1198 2131 stare
1213 2085 1254 2128 ac

183 2174 299 2238 librari
312 2173 384 2235 siue
399 2178 528 2234 rectore
543 2178 668 2253 posset,
690 2170 809 2253 dipnus
823 2189 925 2246 eram,
950 2190 972 2231 a
986 2191 1050 2256 quo
1065 2167 1254 2252 respublica

183 2278 357 2359 inciperet·
379 2293 465 2338 nuuc
480 2293 518 2336 eo
533 2275 739 2337 necessitatis
761 2276 825 2338 iam
844 2276 973 2358 pridem
988 2283 1117 2339 neutram
1132 2281 1193 2348 esi,
1217 2280 1253 2336 ut

183 2400 251 2443 uec
272 2399 351 2442 mea
372 2385 557 2442 senectus
585 2373 777 2458 conferre
795 2371 889 2460 plus
916 2378 1065 2462 populo
1091 2393 1252 2438 romano

178 2483 310 2566 possit
331 2499 441 2566 quam
463 2478 599 2542 bouum
620 2498 892 2543 successorem
913 2499 983 2544 uec
1006 2489 1076 2543 tua
1088 2479 1181 2561 plus
1196 2478 1251 2541 iu-

183 2593 300 2649 oeuta
335 2602 444 2669 quam
480 2581 615 2645 bouum
650 2583 921 2672 principem‘v‘3
957 2586 991 2647 et
1022 2581 1129 2663 paullo
1161 2583 1252 2661 post:

184 2685 319 2770 „muita
334 2685 491 2748 Iuliorum
508 2683 784 2770 Claudiorumque
800 2685 913 2765 domo)
937 2686 1117 2768 optimum
1132 2703 1253 2769 quem-

183 2811 252 2876 que
274 2789 440 2871 adoptio
467 2789 675 2852 iuucuiel“.
719 2787 768 2850 De
793 2787 941 2870 Augusto
962 2786 1176 2869 principatum
1200 2804 1254 2851 oc-

183 2894 319 2973 cupante
341 2889 415 2954 hist.
432 2890 457 2952 I.
477 2897 503 2953 1.
521 2889 612 2954 dicit:
635 2909 786 2966 „commu
804 2893 986 2973 potentiam
1006 2889 1052 2954 ad
1065 2909 1161 2954 uuum
1178 2908 1253 2952 cou-

181 2991 269 3078 ferri
285 2993 400 3077 pacis
421 2987 677 3075 iuter·fuil“.²)
700 2993 805 3074 Atque
820 2992 940 3075 aliquid
959 2993 1038 3058 iuris
1060 2991 1255 3074 principatui

184 3115 254 3162 esse
280 3096 313 3160 in
340 3098 457 3160 natura
478 3093 617 3159 humana
638 3094 737 3176 positi
757 3095 851 3176 plane
874 3095 1032 3177 expromit
1058 3095 1091 3159 in
1112 3094 1187 3159 hist.
1210 3094 1252 3158 ΙΙ.

185 3207 234 3264 38.
250 3197 309 3263 in.:
333 3206 452 3274 ‚metus
467 3217 508 3260 ac
531 3198 596 3259 iam
613 3199 743 3279 pridem
765 3201 866 3262 insita
881 3198 1073 3263 mortalibus
1087 3200 1255 3281 polentiae

185 3302 305 3385 cupido
345 3321 415 3364 cum
455 3300 583 3382 imperii
616 3300 836 3382 mapuitudiue
869 3301 1016 3363 adoleuit
1049 3302 1254 3386 er·upiique“.

185 3405 237 3470 Sic
259 3404 292 3468 in
314 3403 442 3484 dialogo
465 3419 589 3484 quoque
610 3401 824 3483 principatum
839 3406 1009 3490 veneratur
1030 3406 1063 3466 et
1085 3401 1179 3467 unius
1194 3401 1254 3466 im-

183 3507 307 3589 perium
322 3505 442 3570 laudat.
480 3505 658 3569 Felicem
678 3504 820 3586 appellat
833 3503 1025 3586 Vespasiani
1039 3504 1254 3586 principatum

184 3611 300 3693 quique
322 3608 409 3674 fovet
430 3628 497 3673 rem
520 3608 680 3690 publicam
705 3608 745 3690 (c.
771 3607 852 3691 17.);
887 3608 1025 3690 quietem
1048 3611 1081 3672 et
1110 3606 1254 3670 ordinem

184 3713 349 3796 praedicat
359 3710 552 3793 reipublicae
563 3710 621 3775 sub
633 3729 697 3775 uno
711 3713 903 3792 imperatore
919 3695 1112 3775 const'tutae
1124 3708 1164 3790 (c.
1174 3707 1254 3790 36.):

185 3817 427 3896 „(oratores),“
440 3814 552 3896 inquit,
565 3816 653 3892 „ista
660 3815 800 3890 (liberae
808 3812 1025 3896 reipublicae)
1032 3810 1250 3896 peruurbatio·

186 3939 224 3984 ue
241 3940 282 3982 ac
304 3918 435 3982 licentia
450 3919 551 4000 plura
572 3917 634 3982 sibi
656 3919 788 4003 assequi
802 3915 1009 3994 uidebantur,
1035 3935 1103 3978 cum
1125 3915 1255 3978 mixtis

185 4125 388 4135 ‚qo—..-

273 4242 296 4307 ¹)
314 4239 343 4294 in
360 4239 542 4307 prolegomm.
563 4238 606 4292 ed.
626 4253 651 4291 a.
673 4238 748 4292 1862.
768 4253 795 4304 p,
815 4237 927 4295 XVHI.

270 4328 296 4395 ²)
314 4325 347 4380 oi.
368 4322 452 4380 etiam
470 4325 534 4380 hist.
552 4325 592 4381 Π.
611 4325 655 4381 37.
