3092 4928
1207 403 1253 472 15

261 581 417 665 Undecim
452 605 527 664 sunt
560 599 688 663 omnino
719 599 788 664 noti
820 600 946 666 codices
976 602 1196 684 manuscripti,
1218 608 1254 667 ut

176 719 274 783 supra
296 699 553 779 monstravimus
577 701 632 782 qui
654 701 818 783 dialogum
841 704 882 766 de
904 702 1087 768 oratoribus
1104 703 1254 769 exhibent

175 802 292 885 quique
314 821 425 866 omnes
446 807 580 882 excepto
601 820 666 866 uno
687 821 750 867 non
774 803 871 885 digno
895 806 947 870 cui
977 804 1129 870 credatur
1151 804 1255 869 Taciti

175 921 290 970 nomen
312 904 513 986 inscriptioni
543 903 690 969 additum
717 905 846 971 habent.
900 909 1018 972 Omnes
1057 911 1166 972 autem
1195 907 1254 972 hos

175 1006 300 1071 codices
322 1025 360 1071 ex
387 1023 451 1072 uno
480 1006 640 1071 communi
667 1004 757 1071 fonte
787 1008 967 1074 manavisse
997 1008 1076 1074 satis
1109 1014 1252 1090 constat3

174 1126 249 1172 nam
276 1109 389 1172 eadem
416 1108 449 1172 in
470 1107 617 1173 omnibus
639 1110 756 1174 menda
779 1111 939 1191 nonnulla,
962 1113 1094 1177 eaedem
1117 1112 1250 1177 lacunae

174 1211 208 1274 id
230 1215 427 1288 monstrant;
450 1209 659 1292 archetypum
675 1216 726 1276 est
741 1211 821 1277 illud
837 1214 1018 1295 exemplum
1041 1212 1081 1277 ab
1097 1213 1252 1279 Henocho

174 1311 334 1377 Asculano
356 1312 445 1376 iussu
466 1311 591 1378 Nicolai
610 1311 649 1377 V.
672 1313 833 1395 pontificis
853 1316 982 1380 maximi
1004 1334 1043 1380 ex
1058 1317 1252 1381 monasterio

126 1432 145 1457 ··
172 1414 394 1482 Hersleldensi
415 1414 465 1478 vel
487 1412 664 1480 Ocrbeiano
686 1416 771 1480 circa
789 1436 908 1482 annum
922 1422 996 1499 post
1011 1416 1176 1482 Christum
1192 1437 1250 1482 na-

173 1521 242 1581 tum
264 1523 355 1582 1457.
392 1517 527 1581 Romam
549 1517 766 1597 deportatum,
790 1537 874 1584 nunc
889 1518 1019 1601 quidem
1034 1519 1249 1600 deperditum,

174 1620 259 1702 quod
281 1638 320 1684 ex
350 1618 405 1683 IX.
434 1617 484 1684 vel
509 1617 548 1683 X.
575 1617 703 1682 saeculo
731 1619 887 1700 originem
917 1619 1022 1698 ducit;
1062 1639 1136 1685 nam
1172 1621 1250 1686 vitia

173 1721 334 1787 scribendi
355 1721 511 1804 quaedam
533 1739 596 1786 non
619 1739 657 1786 ex
679 1719 882 1786 librariorum
905 1721 1101 1804 negligentia
1124 1727 1156 1787 et
1180 1728 1249 1787 tar·

173 1825 285 1902 ditate,
315 1825 437 1888 seder
466 1822 626 1904 scriptura
652 1826 685 1887 et
711 1823 797 1888 notis
819 1823 972 1906 sigquue
1000 1823 1082 1890 falso
1112 1826 1249 1906 cognitis

172 1925 294 2004 effecta,
318 1924 434 2009 quihus
460 1929 531 1989 ret
554 1943 573 1988 v
595 1925 733 2004 litterae,
762 1933 835 1992 ret
857 1947 887 2006 n,
914 1927 980 1992 iet
1002 1947 1028 2005 r,
1056 1933 1130 1992 aet
1152 1929 1249 2010 u,¹)i

172 2033 206 2093 et
227 2028 279 2110 13)
303 2034 317 2093 t
339 2035 372 2093 et
393 2029 414 2106 l,
439 2047 454 2092 s
476 2033 509 2093 et
530 2026 552 2104 l,
576 2045 593 2091 e
615 2033 648 2092 et
671 2046 697 2106 c,
724 2047 763 2093 nr
784 2034 817 2092 et
839 2028 892 2106 mi,
921 2027 984 2094 alia
1010 2029 1249 2094 contunduntur

174 2131 222 2213 (id
244 2131 414 2213 quodnisi
443 2131 475 2195 in
503 2127 593 2194 libris
622 2129 741 2195 litteris
772 2130 904 2195 minutis
932 2131 1071 2196 exaratis
1092 2131 1162 2196 lieri
1184 2150 1247 2195 non

171 2233 293 2313 potest)
316 2249 460 2315 quaeque
482 2237 516 2297 et
538 2231 569 2296 in
593 2229 713 2312 dialogi
735 2236 768 2295 et
790 2232 823 2295 in
846 2230 950 2296 Taciti
978 2232 1170 2297 Germaniae
1193 2251 1247 2298 co-

172 2333 296 2399 dicibus
319 2353 358 2398 ex
380 2335 493 2399 eodem
515 2331 660 2398 Henochi
681 2332 834 2398 Asculani
856 2331 1001 2413 exemplo
1021 2333 1175 2415 proiectis
1197 2335 1245 2404 in.-

171 2436 382 2518 veniuntur‚³)
399 2436 432 2500 id
448 2435 626 2516 scripturae
647 2452 749 2514 genus
771 2438 961 2512 monstrant,
986 2436 1071 2517 quod
1091 2435 1244 2501 inlocum

169 2539 288 2605 veteris
310 2537 489 2619 scripturae
514 2537 665 2603 efferatae
695 2542 791 2619 atque
821 2536 960 2602 incultae
985 2557 1004 2601 a
1026 2539 1247 2619 grammaticis

170 2640 337 2705 suffectum
359 2644 410 2705 est
431 2659 555 2723 quoque
577 2639 748 2721 perscripti
769 2640 875 2704 adhuc
898 2639 991 2704 multi
1012 2639 1085 2706 hhri
1101 2647 1244 2728 exstant:

169 2744 356 2810 charactera
376 2740 625 2823 Langobardum
646 2761 741 2824 quem
763 2741 906 2824 dicunt⁴)
931 2742 998 2806 sive
1019 2741 1161 2807 litteram
1180 2743 1242 2808 Be-

169 2850 392 2922 neventanam
415 2849 511 2926 atque
533 2862 604 2907 eam
626 2843 722 2908 huius
743 2843 870 2923 generis
889 2842 1024 2908 formam
1047 2849 1242 2922 accuratam,

169 2966 250 3028 quae
275 2947 387 3028 primis
418 2949 492 3026 post
526 2951 632 3010 ortum
661 2945 930 3023 saeculiaaerae
952 2949 1084 3011 nostrae
1106 2965 1190 3011 nono
1212 2953 1245 3010 et

168 3049 300 3126 decimo,
334 3066 354 3112 a
384 3045 523 3113 librariis
556 3053 684 3112 servata
721 3052 781 3112 est.
844 3048 886 3112 Et
924 3047 1070 3131 quamvis
1107 3046 1242 3124 codices

168 3154 325 3234 quotquot
346 3166 430 3214 nunc
452 3154 634 3230 supersunt,
664 3149 718 3232 qui
740 3150 825 3215 XIV.
848 3150 899 3216 vel
921 3150 989 3214 XV.
1018 3148 1145 3215 saeculo
1167 3168 1242 3230 pro-

168 3255 265 3320 diisse
287 3253 447 3329 videntur,
470 3250 608 3316 fortasse
623 3254 797 3317 seeundum
813 3251 911 3316 libros
926 3249 1110 3316 maiusculis
1125 3249 1243 3314 litteris

167 3361 315 3419 exaratos
337 3353 542 3435 transscripti
564 3353 637 3432 sint,
668 3359 776 3419 tamen
797 3354 975 3435 principem
1006 3353 1162 3433 originem
1184 3368 1240 3416 eos

166 3457 316 3524 habuisse
338 3461 474 3538 apparet
488 3475 526 3520 ex
541 3454 596 3519 illa
611 3455 771 3522 scribendi
792 3456 926 3532 ratione,
950 3473 1031 3537 quae
1045 3460 1119 3537 post
1135 3454 1242 3519 Caroli

252 3763 277 3828 ¹)
294 3760 328 3814 In
346 3760 426 3814 libris
444 3761 511 3815 noni
529 3765 559 3814 et
576 3760 677 3815 decimi
696 3761 869 3814 saeculorum
883 3760 980 3813 littera
998 3775 1015 3813 a
1033 3775 1142 3814 sursum
1156 3773 1239 3826 saepe

166 3845 207 3899 ita
224 3843 466 3913 hiaus‘scrihitur,
486 3851 554 3900 utu
573 3845 686 3900 litterae
704 3847 754 3900 liat
772 3843 923 3898 simillima.

251 3937 275 3996 Ι)
296 3932 375 4001 Quod
395 3931 566 4000 singularem
585 3930 594 3984 i
613 3931 725 3984 litterae
745 3931 861 3983 formem
879 3928 986 3983 indicet
1003 3927 1100 3981 eodem
1112 3932 1238 3994 tempore

165 4023 428 4170 ¹181th:imi-luemus
445 4101 533 4155 multa
555 4100 671 4153 collecta
694 4105 760 4154 sunt
783 4115 799 4154 a
822 4097 997 4151 Massmanno
1017 4095 1047 4148 in
1071 4095 1166 4149 Germ.
1191 4095 1235 4148 ed.
1295 4095 1298 4102 ⁴

164 4206 192 4258 p.
211 4191 272 4244 204.
292 4194 363 4242 extr.
384 4203 444 4254 sqq.

249 4277 275 4342 ⁴)
293 4274 328 4327 el.
348 4271 519 4327 Massmanni
538 4267 752 4337 explicationem
769 4269 789 4322 l.
808 4268 827 4320 l.
846 4283 863 4319 a
882 4282 909 4334 p.
931 4267 988 4323 182.
1007 4278 1107 4331 usque.
