3092 4928
1223 413 1269 482 29

201 608 288 675 Afris
330 611 555 677 accusantibus
594 617 750 694 petronus
797 615 910 680 adesse
951 634 971 678 a
1010 620 1123 680 senatu
1166 615 1271 680 iussus

202 711 291 796 est.¹)
341 712 545 795 Quantopere
579 720 686 780 autem
716 716 796 780 artis
826 717 985 781 oratoriae
1014 717 1137 798 peritus
1163 716 1270 795 fuerit,

201 820 397 896 quantopere
424 817 582 897 principia
617 823 650 882 et
674 817 761 898 leges
798 819 996 902 eloquentiae
1031 824 1184 900 percepta
1212 819 1271 883 ha·

200 916 315 995 buerit,
337 917 553 985 illustrissime
581 926 762 985 monstrant
783 941 846 986 non
873 939 965 986 rarae
991 921 1162 997 orationes,
1192 940 1271 1003 quas

200 1018 291 1084 libris
312 1021 378 1086 suis
400 1021 561 1088 historicis
583 1023 719 1088 intexuit
742 1041 884 1106 quaeque
906 1027 939 1087 et
961 1023 1072 1087 ordine
1093 1029 1126 1088 et
1147 1023 1271 1087 ratione

201 1128 277 1187 sunt
297 1124 489 1204 praeclarae,
517 1130 700 1192 monstrant
728 1127 769 1192 de
796 1125 929 1192 summis
951 1124 1131 1189 oratoribus
1153 1125 1270 1191 iudicia

201 1224 367 1306 ingeniosa
391 1233 436 1292 ,et
472 1229 716 1312 considerata,²)
756 1233 915 1295 monstrat
951 1228 1088 1310 denique
1125 1228 1271 1308 dialogus

200 1332 309 1393 noster
332 1330 372 1394 de
394 1330 583 1409 oratoribus,
605 1331 637 1397 in
660 1347 723 1415 quo
745 1333 786 1396 de
808 1331 988 1414 eloquentia
1003 1331 1133 1412 eiusque
1148 1329 1271 1412 legibus

201 1435 234 1493 et
264 1431 304 1495 de
333 1433 533 1514 corruptelis,
564 1434 678 1516 quibus
708 1453 766 1499 sua
791 1439 899 1499 aetate
926 1433 969 1498 sit
997 1433 1173 1510 demutata,
1203 1438 1270 1497 tam

197 1532 361 1598 'subtiliter
383 1534 451 1617 agit
472 1539 506 1599 et
526 1540 619 1600 acute
643 1555 737 1618 quam
760 1537 853 1600 docte
875 1540 908 1600 et
932 1534 1156 1616 intelligenter.

285 1637 439 1719 Aequod
463 1638 593 1704 Tacitus
614 1642 742 1717 praeter
764 1638 926 1719 dialogum
948 1642 1094 1702 nostrum
1116 1657 1136 1700 a
1158 1637 1271 1701 iuvene

202 1739 418 1820 conscriptum
433 1740 554 1805 nullum
569 1741 696 1806 omnino
711 1739 943 1805 rhetoricorum
962 1740 1143 1805 studiorum
1158 1758 1270 1804 monu-

189 1844 342 1908 mentum
369 1827 554 1923 posteritati
590 1843 803 1922 mandaverit,
833 1862 896 1908 non
930 1847 981 1908 est
1013 1843 1098 1925 quod
1134 1841 1269 1908 mireris.

202 1941 353 2018 Quamvis
374 1945 458 2009 enim
482 1947 638 2027 superiori
666 1945 763 2010 etiam
791 1950 899 2010 aetate
921 1963 1149 2025 saepenumero
1179 1962 1270 2009 occa-

201 2045 289 2109 sione
310 2045 432 2112 ferente
454 2048 520 2113 sive
543 2047 647 2113 officio
668 2048 853 2129 postulante
872 2054 975 2112 artem
990 2047 1163 2112 oratoriam
1179 2066 1270 2112 exer-

201 2146 304 2216 cuisse
324 2148 482 2228 videatur,
504 2155 612 2215 tamen
634 2169 697 2215 non
719 2152 761 2215 ad
783 2150 1012 2231 rempublicam
1035 2151 1207 2231 gerendam
1237 2155 1271 2215 et

201 2250 331 2314 consilio
357 2252 565 2335 orationeque
586 2254 816 2318 moderandam
842 2253 1044 2334 potissimum
1067 2272 1102 2316 se
1124 2252 1269 2331 contulit,

201 2352 276 2434 quia
311 2358 345 2418 et
378 2354 437 2420 sub
468 2355 651 2436 principatu
683 2356 803 2438 aliquid
830 2354 940 2437 magni
965 2354 998 2419 in
1025 2355 1155 2420 civitate
1176 2374 1270 2436 posse

200 2455 343 2538 singulos
364 2458 492 2540 assequi
513 2458 741 2539 desperaverat
762 2463 796 2522 et
818 2457 1043 2541 eloquentiam,
1066 2459 1118 2522 cui
1138 2457 1270 2523 libertas

201 2561 322 2638 deerat,
351 2561 479 2626 iamiam
501 2561 660 2627 labentem
683 2566 716 2626 et
738 2581 757 2639 a
778 2560 916 2642 pristina
937 2559 1097 2641 gravitate
1117 2559 1190 2640 plus
1212 2561 1269 2624 de-

200 2669 356 2728 mutatam
378 2664 589 2742 intellexerat,
611 2683 707 2747 quam
730 2663 781 2729 cui
802 2667 873 2727 tota
885 2663 954 2727 vita
968 2667 1002 2726 et
1017 2679 1110 2726 omne
1126 2661 1269 2726 studium

200 2784 371 2848 omnesque
407 2767 505 2832 animi
540 2767 624 2832 vires
668 2766 896 2831 tribuerentur.
954 2765 998 2829 Et
1042 2763 1165 2845 optimo
1201 2763 1270 2828 iure

201 2867 358 2934 Teuffelus
379 2868 458 2933 mihi
478 2869 606 2934 videtur
627 2868 711 2934 hunc
733 2868 832 2933 etiam
853 2869 957 2932 locum
977 2866 1172 2948 attigissem
1196 2887 1268 2952 „ye-

200 2970 343 3036 ccla'clne
352 2971 602 3037 derrdmtscten
615 2974 803 3038 litter·otar“
813 2990 844 3052 p.
855 2979 925 3037 680.
938 2978 1003 3035 not.
1014 2978 1042 3035 3.
1052 2969 1113 3033 hoc
1124 2987 1268 3034 monens:

202 3075 321 3154 „medea
337 3075 407 3139 dem
422 3077 631 3159 allgemec'aen
649 3073 975 3140 collariam-teclae
990 3072 1110 3137 zweclce
1124 3070 1270 3157 cerfolpt

202 3178 254 3242 die
269 3175 389 3260 schrift
410 3180 474 3241 aot
487 3178 572 3242 oncle
587 3178 671 3242 uocd
694 3180 786 3242 einen
806 3176 1046 3260 percdnticben,
1070 3176 1123 3240 die
1142 3176 1270 3260 graisde

201 3280 394 3366 anzapebea,
416 3300 540 3344 aarum
559 3279 703 3358 Tacitae,
721 3287 806 3343 trotz
822 3282 932 3344 rainer·
947 3276 1178 3361 amfossendea
1193 3278 1268 3342 red·

200 3383 371 3447 normaton
396 3383 544 3467 dbonpen
572 3382 640 3447 and
666 3383 808 3458 studies,
838 3380 1041 3446 scbliesslicb
1069 3379 1154 3444 doct
1180 3380 1269 3444 nicht

201 3486 261 3550 dea·
280 3484 439 3569 dealbata
462 3487 519 3550 dea
541 3484 680 3550 reducas
700 3485 772 3548 siclt
794 3484 1029 3568 corzapsweiae
1051 3482 1267 3566 zuqeaendet,

200 3588 345 3652 eoadem
365 3589 418 3652 die
439 3590 525 3652 stille
539 3585 755 3653 att-asamona
778 3587 837 3652 dec
855 3586 1022 3672 potetatem
1044 3584 1114 3650 aad
1133 3581 1269 3666 schrift-

200 3691 330 3754 stellare
350 3711 553 3775 coryezoqen
574 3691 663 3754 hott
708 3691 801 3768 Quod
823 3687 975 3753 iudicium
998 3686 1026 3752 si
1054 3685 1268 3766 adoptaveris,

201 3792 341 3858 dilucide
369 3798 469 3874 patet,
507 3797 660 3874 quantum
690 3792 818 3857 omnino
846 3791 993 3872 dialogus
1025 3793 1136 3854 noster
1151 3788 1269 3882 'valeat

201 3895 316 3978 quique
342 3894 431 3960 locus
460 3894 545 3958 inter
566 3912 664 3974 opera
686 3894 817 3959 Tacitea
838 3893 868 3958 ei
894 3893 936 3957 sit
959 3891 1162 3956 tribuendus:
1195 3909 1268 3971 gra·

201 3997 277 4060 dum
300 3997 384 4062 enim
407 3995 558 4073 declarat,
580 4015 643 4078 quo
665 4002 777 4060 auctor
803 3996 843 4060 ab
870 4000 940 4060 arte
966 3993 1126 4060 rhetorica
1151 3994 1193 4057 ad
1214 3992 1268 4056 lit-

287 4214 400 4285 ¹)P1in.
419 4232 480 4286 epp.
498 4214 536 4271 Π.
556 4217 595 4271 ll.

286 4303 312 4369 n)
330 4316 355 4356 v.
373 4300 498 4356 Exstein.
516 4302 534 4355 l.
552 4300 569 4355 l.
588 4315 613 4368 p.
633 4301 672 4357 lo.
691 4315 748 4367 sqq.
