3092 4928
285 386 333 458 30

283 592 424 653 terarum
448 590 556 654 studia
570 595 604 654 et
618 591 660 654 ad
674 590 840 656 historiam
864 610 899 657 se
915 593 1115 658 converterit.
1149 594 1320 658 Orationes
1335 612 1352 658 e

283 689 352 754 foro
374 691 405 754 in
429 697 576 756 senatum
598 697 691 756 erant
712 699 863 771 remotae,
890 695 1057 760 conciones
1078 696 1143 760 iam
1164 715 1229 761 non
1251 701 1351 773 erant,

283 793 443 858 orationes
458 794 491 858 in
506 794 612 859 causis
625 795 826 860 iudicialibus
841 795 969 862 habitas
984 799 1151 863 adranam
1163 799 1351 864 ostentatio·

282 914 355 960 nem
378 895 554 960 declinatas
581 914 652 961 esse
674 896 803 962 Tacitus
831 899 901 979 ipse
930 901 963 964 in
990 901 1116 981 dialogo
1139 901 1351 983 conqueritur.

282 998 396 1080 Itaque
417 1004 535 1078 postea
552 999 778 1064 contemnebat
794 1000 924 1068 Tacitus
945 1003 1125 1069 rhetoricen
1147 1022 1206 1069 nec
1227 1003 1353 1069 volebat

282 1101 362 1165 artis
391 1101 550 1166 oratoriae
575 1108 764 1196 praeceptor
797 1104 960 1183 exsistere,
998 1107 1143 1187 quamvis
1173 1106 1353 1188 eloquentia

283 1202 417 1282 polleret
440 1208 472 1268 et
491 1201 627 1268 floreret.
650 1204 772 1270 Iterum
788 1207 916 1290 quidem
938 1208 971 1272 in
993 1209 1047 1274 illo
1070 1228 1185 1291 genere
1207 1216 1353 1274 versatus

283 1323 353 1370 esse
374 1305 511 1384 videtur,
540 1306 697 1388 siquidem
712 1325 821 1372 verum
844 1314 903 1389 est,
927 1311 1012 1392 quod
1027 1311 1117 1376 Aem.
1135 1311 1306 1376 Hiibnerus
1321 1311 1352 1376 in

284 1408 509 1474 dissertatione
531 1411 572 1479 de
595 1411 745 1493 Agricola
766 1412 887 1493 scripta
909 1412 1087 1498 explicat,¹)
1117 1413 1299 1495 Agricolam
1321 1420 1354 1476 et

284 1518 474 1593 argumento
489 1517 522 1576 et
538 1513 746 1595 dispositione
761 1513 978 1579 laudationem
994 1514 1159 1581 funebrem
1175 1535 1246 1581 esse
1256 1516 1307 1580 vel
1321 1517 1353 1580 in

199 1619 202 1627 '
283 1613 343 1678 hac
357 1614 560 1695 potissimum
582 1617 651 1682 eius
673 1615 839 1680 consilium
861 1635 931 1682 esse
953 1618 1136 1702 positum.²)
1169 1618 1289 1683 Tamen
1302 1618 1355 1682 hic

283 1715 408 1780 libellus
419 1735 484 1781 non
499 1722 549 1782 est
563 1719 750 1784 exercitium
764 1718 970 1797 rhetoricum,
986 1722 1044 1786 sed
1057 1721 1178 1801 prodiit
1193 1739 1232 1786 ex
1241 1720 1355 1785 intima

283 1819 406 1900 pietate
420 1837 498 1900 erga
520 1837 663 1884 socerum
686 1824 719 1885 et
742 1821 889 1898 amicum,
912 1839 994 1904 quae
1016 1821 1084 1886 sola
1098 1822 1245 1887 Tacitum
1268 1840 1353 1887 com-

284 1921 392 1999 movit,
415 1927 453 1984 ut
468 1939 540 1984 eum
562 1921 595 1986 in
617 1921 779 2002 publicum
801 1920 970 2002 proferret,
994 1942 1066 1989 cum
1082 1925 1263 1989 orationum
1281 1932 1305 1989 'a
1319 1942 1353 1988 se

285 2023 318 2088 in
340 2028 454 2089 senatu
478 2023 643 2088 iudiciisve
664 2023 848 2089 habitarum
870 2043 910 2090 ne
931 2045 1028 2090 unam
1050 2028 1178 2109 quidem
1200 2031 1355 2109 quantum

285 2127 403 2192 scimus
428 2125 557 2208 scriptis
579 2126 763 2212 mandatam
789 2126 963 2208 vulgasset.
1007 2128 1162 2210 Dialogus
1191 2129 1292 2210 igitur
1319 2147 1355 2193 re

285 2231 355 2311 ipsa
370 2229 471 2295 solum
488 2233 538 2294 est
552 2233 791 2292 monumentum
806 2229 1038 2293 rhetoricorum
1049 2229 1152 2295 Taciti
1166 2216 1354 2296 studiorum.

372 2331 424 2398 Sic
457 2331 521 2396 iam
553 2329 632 2396 satis
669 2330 807 2395 dilucide
839 2331 1094 2397 demonstratum
1127 2352 1197 2398 esse
1229 2333 1356 2398 videtur

286 2435 447 2516 dialogum
473 2438 618 2500 nostrum
645 2451 746 2516 neque
775 2451 834 2514 per
855 2434 972 2499 aetatis
994 2434 1152 2499 rationem
1173 2453 1276 2516 neque
1297 2452 1354 2515 per

286 2537 448 2618 propriam
481 2534 647 2615 scriptoris
675 2533 816 2599 indolem
845 2535 956 2600 Tacito
984 2556 1047 2601 non
1078 2542 1165 2604 recte
1188 2536 1355 2602 convenire

286 2658 388 2722 neque
415 2638 513 2702 ullam
545 2656 584 2702 ex
615 2637 666 2702 his
692 2637 821 2718 prodire
854 2655 993 2716 causam,
1026 2657 1106 2723 quae
1138 2639 1250 2704 Tacito
1283 2657 1355 2703 eum

287 2741 470 2806 abiudicare
493 2744 595 2822 cogat.
642 2738 805 2819 Superest,
827 2745 864 2804 ut
886 2742 929 2805 ad
949 2728 1044 2807 finem
1069 2742 1261 2822 disceptatio
1282 2759 1355 2822 per-

287 2843 362 2909 duci
383 2843 494 2924 possit,
518 2861 557 2908 ea
578 2860 654 2923 pars
675 2844 917 2923 perscrutanda,
941 2862 1023 2925 quae
1041 2844 1213 2908 maximam
1228 2841 1355 2908 exhibet

287 2944 518 3022 difficultatem,
547 2944 623 3026 quia
649 2963 687 3009 ex
717 2963 756 3008 ea
784 2944 887 3010 Taciti
913 2947 1090 3014 adversarii
1115 2981 1157 2994 --
1186 2946 1245 3013 hos
1273 2947 1353 3025 volo,

287 3049 342 3131 qui
377 3047 408 3112 ei
443 3047 606 3127 dialogum
642 3045 829 3111 abiudicant
861 3083 902 3092 -
934 3047 1092 3130 imprimis
1121 3068 1212 3114 arma
1239 3049 1355 3114 suain

285 3155 437 3233 promptu
458 3148 595 3214 habent:
627 3148 720 3214 stilus
742 3148 862 3230 dialogi
883 3151 979 3230 plane
1001 3153 1146 3218 diversus
1168 3170 1279 3216 ansam
1300 3149 1356 3214 fir-

287 3255 463 3319 missimam
491 3252 531 3317 iis
560 3257 726 3333 praestare
751 3252 888 3316 videtur.
931 3253 974 3318 Et
1001 3255 1061 3320 hoc
1082 3272 1165 3320 nunc
1187 3260 1238 3320 est
1258 3272 1356 3336 quae-

286 3357 431 3433 rendum,
460 3359 569 3419 utrum
599 3353 707 3432 dictio,
730 3373 794 3436 qua
815 3360 928 3420 auctor
949 3357 1068 3439 dialogi
1088 3375 1166 3422 usus
1177 3355 1240 3434 sit,
1263 3356 1356 3424 Taci-

287 3464 342 3523 tea
362 3459 405 3524 sit
426 3477 468 3522 an
488 3476 553 3522 non
575 3457 628 3522 sit.

371 3559 483 3642 Neque
508 3559 542 3624 in
570 3557 655 3624 hunc
676 3557 771 3623 finem
803 3564 891 3624 recte
907 3559 1052 3626 sensisse
1075 3561 1204 3626 videtur
1225 3560 1355 3626 Curtius

287 3663 436 3742 Pichena,
468 3662 523 3745 qui
548 3680 679 3742 prorsus
705 3661 785 3727 nihil
806 3662 911 3729 inesse
932 3662 965 3727 in
980 3651 1124 3746 dialogo,
1146 3664 1232 3745 quod
1253 3663 1358 3729 Taciti

374 3954 398 4023 ¹)
416 3951 446 4008 in
464 3949 626 4021 „Hermcs“
644 3951 667 4009 I.
685 3953 723 4022 (a.
742 3952 831 4022 1866.)
851 3968 877 4022 p.
894 3953 953 4009 438.
971 3969 1030 4023 sqq.

372 4042 397 4106 ²)
417 4053 499 4108 quam
522 4039 690 4095 sententiam
712 4038 798 4094 etiam
820 4039 933 4095 videtur
954 4039 1035 4109 sequi
1053 4039 1211 4108 Teuffclus3
1242 4053 1306 4094 nam
1326 4037 1356 4094 in

290 4125 407 4200 „pesclu
427 4127 453 4180 d.
471 4130 542 4180 rom.
561 4125 633 4181 lites
652 4141 677 4195 p.
695 4125 753 4180 681.
771 4123 812 4179 ita
830 4123 913 4181 dicit:
940 4126 1054 4192 „dacels
1077 4127 1133 4181 den
1155 4127 1239 4180 starlc
1264 4125 1357 4179 rheto-

288 4211 407 4266 riachen
432 4211 589 4266 charakter
611 4213 708 4265 seiher
734 4211 843 4284 aalays
864 4213 918 4266 wie
941 4211 1127 4286 auefdhrunq
1151 4213 1281 4266 erinacei
1298 4211 1356 4264 das

288 4297 366 4352 werlt
387 4314 428 4351 aa
446 4299 493 4352 die
511 4297 698 4352 laudationes
715 4296 881 4362 funebres“.
