3092 4928
294 379 343 450 40

294 582 552 656 conceptricrnn,
575 601 627 645 nm
649 581 733 645 noelr
757 581 827 645 dom
844 579 1075 664 onsbo'rcrrdco
1092 583 1215 646 drncbe
1237 583 1367 659 (,‚nunc

294 683 416 746 demum
437 683 525 746 redit
541 685 696 747 αηὶπηιιεκ
718 684 794 766 Agr.
808 701 834 747 c.
848 687 895 764 3.)
919 684 1012 748 desto
1033 686 1223 770 pentalliper·
1239 705 1365 768 empor-

293 784 512 860 zneebnellcn3
547 806 586 850 so
617 785 698 850 doce
734 787 787 848 dte
821 786 1061 870 cipeotr'lrnliclre
1093 791 1267 871 prdpnonz
1299 786 1367 851 uod

293 889 473 951 elosticitiit
501 890 608 952 coines
637 887 855 952 historischen
884 891 987 964 stilos,
1021 890 1079 951 wie
1107 890 1157 951 eie
1185 889 1292 972 pleicb
1325 891 1368 951 im

294 991 453 1073 Agricola
474 989 543 1054 ond
565 992 597 1054 in
621 991 681 1054 der·
706 990 883 1054 Germania
906 991 1115 1066 bernortrilt,
1149 993 1200 1054 nir
1224 991 1288 1054 doc
1312 1011 1367 1074 ge·

294 1094 466 1158 meiocome
486 1093 632 1174 prodoct
654 1093 715 1155 der·
731 1093 938 1179 onqoborrren
958 1093 1139 1176 pciclecnrt
1154 1093 1224 1158 aad
1245 1093 1306 1156 dor
1320 1096 1368 1157 rie

294 1193 577 1278 modificiereoden
595 1194 886 1260 lebenaccbiclnole
908 1195 968 1258 dcc
979 1192 1172 1277 cerfoscera·
1188 1194 1369 1260 onzocolren

294 1298 374 1360 ict“.
408 1334 440 1341 -
474 1294 558 1360 Hinc
589 1296 646 1361 illa
677 1296 801 1378 tragica
833 1297 991 1378 quaedam
1022 1296 1170 1362 dictionis
1203 1297 1369 1380 granditas

295 1402 327 1462 et
350 1397 513 1475 severitas
535 1399 609 1464 hinc
624 1397 766 1464 brevitas
787 1399 842 1464 illa
864 1399 979 1480 putida
994 1403 1026 1463 et
1041 1404 1176 1480 turgens
1191 1399 1368 1476 sententiis,

295 1519 358 1582 qua
386 1498 473 1563 velut
503 1518 630 1582 semper
656 1501 796 1582 repetito
829 1506 862 1564 et
888 1519 970 1565 novo
999 1500 1094 1582 pulsu
1124 1506 1220 1583 atque
1247 1501 1370 1581 impetu

294 1601 396 1666 lector
417 1606 574 1682 perpetuo
589 1620 763 1684 suspensus
786 1607 819 1667 et
841 1603 983 1670 intentus
999 1607 1137 1666 tenetur.
1170 1602 1278 1667 Facile
1293 1619 1370 1666 sane

295 1703 486 1785 intelligitur
518 1704 616 1768 talem
651 1704 769 1782 stilum,
804 1704 894 1770 cuius
923 1723 1000 1768 vera
1031 1705 1212 1785 proprietas
1241 1723 1305 1769 non
1338 1704 1371 1768 in

239 1893 242 1898 Ι
295 1807 413 1871 aetatis
434 1804 551 1882 indole,
576 1806 633 1870 sed
654 1806 687 1874 in
710 1808 850 1870 auctoris
872 1806 943 1888 ipso
965 1806 1093 1888 iugenio
1115 1813 1149 1871 et
1169 1808 1240 1888 ipsa
1258 1805 1370 1870 volun-

295 1913 365 1973 tate
391 1907 547 1972 collocata
569 1909 621 1986 sit,
654 1926 717 1971 non
743 1908 861 1990 ubique
889 1906 950 1972 sibi
976 1911 1104 1974 omnino
1126 1929 1236 1992 parem
1262 1910 1370 1988 fuisse,

297 2011 355 2074 sed
369 2010 497 2074 diversa
516 2010 623 2074 stadia
643 2006 841 2090 percurrisse
856 2015 899 2087 et,
924 2016 960 2074 ut
972 2011 1173 2078 Weinkauffii
1197 2013 1260 2077 iam
1276 2030 1373 2093 supra

296 2112 420 2176 laudati
435 2109 540 2176 verbis
554 2118 639 2190 utar,
663 2111 790 2176 etiamsi
811 2111 929 2194 ubique
951 2115 1088 2178 eundem
1106 2115 1239 2191 vultum,
1262 2118 1371 2178 tamen

295 2213 418 2279 varium
434 2213 571 2278 colorem
593 2212 828 2293 praeseferre.
862 2214 905 2279 Et
927 2214 1072 2296 profecto
1093 2215 1236 2298 singulos
1250 2215 1372 2280 Tacitei

297 2316 363 2380 stili
376 2317 495 2398 gradus
508 2303 757 2381 commonstrare
767 2335 947 2396 possumus.
971 2316 1031 2382 Est
1046 2322 1154 2382 autem
1163 2318 1261 2384 series
1271 2317 1371 2399 scrip-

300 2423 406 2482 torum
436 2417 638 2482 Taciteorum
666 2422 699 2482 et
726 2419 768 2482 ad
794 2423 941 2499 tempora
963 2423 995 2483 et
1017 2421 1058 2484 ad
1079 2419 1146 2484 stili
1168 2438 1374 2502 progressum

297 2521 518 2585 ordinatorum
529 2519 662 2584 haecce:
689 2519 848 2601 Agricola,
860 2520 1040 2599 Germania,
1055 2521 1218 2599 historiae,
1230 2520 1372 2586 annales.

383 2623 430 2687 Ac
453 2620 611 2703 Agricola,
642 2622 697 2704 qui
719 2641 802 2686 anno
824 2627 899 2703 post
920 2622 1085 2688 Christum
1110 2628 1221 2688 natum
1245 2629 1295 2688 97.
1318 2640 1373 2685 ex-

298 2730 394 2790 eunte
416 2724 467 2789 vel
488 2743 516 2789 a.
542 2731 591 2789 98.
622 2723 753 2790 ineunte
781 2723 981 2806 conscriptus
1003 2730 1062 2803 est,
1085 2723 1374 2808 propinquissimus

299 2836 349 2896 est
371 2828 531 2913 prioribus
553 2829 657 2894 Taciti
679 2828 796 2894 studiis
818 2827 997 2905 rhetoricis,
1022 2827 1124 2892 oratio
1140 2827 1244 2891 adhuc
1259 2825 1375 2890 laetior

299 2938 331 2997 et
354 2932 559 3009 commodior,
581 2932 707 3012 periodi
727 2930 886 3013 pleniores
908 2934 941 2994 et
959 2929 1173 2993 accuratiores
1189 2933 1264 2993 sunt
1278 2947 1373 3010 quam

300 3034 333 3100 iu
355 3033 505 3115 operibus
528 3033 743 3115 sequentibus.
788 3032 908 3097 Tamen
929 3031 994 3096 iam
1010 3029 1163 3113 singulari
1177 3029 1327 3096 brevitati
1342 3030 1375 3094 in

299 3137 439 3202 dictione
461 3141 494 3200 et
515 3136 547 3200 in
571 3135 808 3200 constructione
830 3138 863 3199 et
883 3133 916 3198 in
939 3131 1197 3198 enunciationum
1217 3133 1375 3214 composi-

299 3241 387 3306 tione
415 3242 529 3303 auctor
556 3246 685 3318 'operam
717 3237 788 3301 dat:
823 3235 1032 3318 nequeenim
1056 3236 1172 3300 desunt
1195 3235 1375 3300 succinctae

300 3348 333 3407 et
355 3340 500 3406 concisae
522 3327 697 3422 figurarum
720 3344 753 3403 et
775 3323 953 3410 verborum,
967 3337 1098 3419 speeies,
1121 3338 1168 3403 ita
1185 3342 1223 3403 ut
1236 3337 1375 3421 primum

299 3461 401 3508 novae
423 3442 551 3507 dicendi
572 3441 706 3506 rationis
721 3445 963 3505 monumentum
978 3441 1127 3523 Agricola
1141 3438 1307 3506 habendus
1323 3440 1374 3506 sit.

299 3547 339 3610 In
360 3543 511 3628 Agricola
538 3549 652 3609 auctor
679 3543 783 3608 adhuc
809 3542 842 3607 in
864 3542 1003 3606 transitu
1025 3548 1173 3608 versatur
1194 3543 1235 3608 ad
1258 3559 1374 3607 novum

301 3647 419 3724 stilum,
436 3646 483 3710 ita
498 3647 636 3728 quidem,
651 3651 687 3710 ut
703 3645 767 3710 iam
781 3645 889 3726 potius
904 3645 937 3710 in
951 3645 1036 3710 hunc
1051 3645 1190 3724 inclinet,
1206 3646 1263 3712 sed
1278 3645 1376 3710 etiam

300 3751 444 3834 priorum
466 3745 646 3816 studiorum
669 3749 702 3814 in
723 3748 868 3830 vestigiis
887 3765 950 3814 non
965 3746 1043 3811 nihil
1058 3748 1199 3813 haereat.
1244 3747 1313 3823 Quo
1328 3744 1374 3824 fit,

301 3872 384 3931 reor,
406 3857 444 3916 ut
465 3856 535 3916 tota
556 3851 655 3916 dictio
674 3851 771 3916 etiam
794 3850 990 3916 subobscura
1012 3850 1054 3916 sit
1068 3870 1127 3916 nec
1142 3850 1221 3916 satis
1236 3849 1377 3915 dilucida

302 3958 335 4021 et
361 3955 465 4036 plana.
509 3954 553 4018 Et
580 3953 711 4020 Tacitus
738 3955 772 4019 in
793 3954 963 4036 Agricolae
988 3954 1151 4036 prooemio
1173 3953 1243 4034 ipse
1266 3971 1300 4018 se
1322 3945 1380 4017 ex?

302 4075 416 4123 casare
425 4055 562 4134 videtur,
579 4056 664 4138 quod
677 4073 845 4121 nervosum
858 4056 1019 4138 quoddam
1031 4061 1064 4121 et
1071 4053 1238 4120 robustum
1249 4053 1377 4119 dicendi

242 4157 245 4162 ’
302 4176 404 4240 genus
426 4157 632 4239 quaesiverit:
657 4160 848 4237 „incondito
870 4161 952 4223 enim
967 4179 1009 4221 oc
1022 4158 1118 4222 rodis
1133 4161 1218 4222 oox“
1233 4158 1297 4221 iam
1313 4173 1377 4220 non

302 4260 419 4325 idonea
434 4265 506 4324 erat
528 4261 570 4324 ad
592 4259 771 4324 orationem
793 4259 893 4326 libere
915 4265 948 4326 et
970 4257 1142 4326 artificiose
1164 4258 1376 4324 excolendam.
