3092 4928
1231 400 1279 472 35

204 605 238 669 id
260 623 318 686 pro
333 601 440 669 Plane.
465 603 540 686 23).
584 603 624 667 Id
646 621 771 686 qnoque
793 601 908 667 mirum
930 606 1039 684 potest
1060 603 1172 681 rideri,
1195 603 1281 686 quod

203 705 475 788 praepositionum
491 705 684 787 anastrophe
703 706 735 770 in
750 705 911 770 historicis
927 705 1029 770 Taciti
1043 705 1134 771 libris
1149 707 1281 771 minime

203 827 287 885 rara,
316 809 349 873 in
379 808 506 889 dialogo
535 825 692 890 nusquam
721 812 771 874 est
802 806 903 872 obvia.
956 807 1019 873 Sed
1049 808 1175 874 etiamsi
1200 809 1280 873 haec
1349 860 1352 864 .

202 928 305 992 pauca
327 911 522 988 omittamus,
545 910 713 976 universus
735 910 802 975 stili
824 911 937 976 modus
955 915 1126 993 tantopere
1141 931 1161 975 a
1176 910 1281 976 Taciti

202 1012 328 1076 ratione
350 1012 478 1076 dicendi
498 1011 658 1090 abhorret,
681 1016 719 1076 nt
741 1031 779 1076 ex
800 1011 1009 1076 similitudine
1024 1013 1131 1094 aliqua
1145 1012 1279 1077 fortuita

202 1114 235 1178 in
256 1113 363 1178 verbis
392 1119 425 1178 et
454 1114 487 1177 in
513 1112 609 1178 rebus
631 1113 850 1194 grammaticis
873 1117 1020 1178 versante
1043 1114 1121 1179 nihil
1136 1115 1217 1179 certi
1238 1115 1279 1179 de
1359 1165 1362 1171 .

201 1219 332 1279 auctore
348 1213 548 1296 comprobari
558 1215 670 1296 possit.
707 1214 791 1280 Nam
803 1215 947 1296 singulae
959 1215 1040 1280 tales
1052 1215 1278 1282 similitudines

202 1335 265 1381 non
295 1316 459 1397 scriptoris
490 1321 573 1394 sunt,
607 1317 665 1382 sed
693 1316 794 1382 totius
817 1317 944 1396 aetatis,
979 1336 1060 1399 qnae
1083 1317 1122 1382 ab
1146 1319 1278 1399 antiquo

202 1437 290 1483 rnore
320 1417 481 1484 scribendi
509 1419 643 1484 recessit
670 1424 704 1482 et
729 1437 845 1484 novum
868 1418 1089 1500 praesefert
1112 1425 1145 1484 et
1167 1420 1279 1502 singu-

201 1521 301 1585 larem
332 1520 480 1597 colorem,
514 1519 603 1584 illum
633 1520 780 1598 colorem,
815 1520 869 1602 qui
899 1524 1071 1601 argenteae
1105 1521 1277 1587 latinitatis

200 1640 296 1703 quarn
311 1621 447 1686 dicimus
461 1621 610 1701 proprius
632 1627 683 1686 est
705 1623 797 1704 eique
812 1641 927 1687 nomen
950 1623 1054 1701 dedit3
1082 1623 1176 1688 huius
1192 1623 1276 1688 eninr

200 1724 317 1789 aetatis
341 1724 514 1804 scriptores
537 1728 570 1788 et
593 1729 762 1805 poetarum
785 1732 818 1791 et
841 1726 1035 1790 Graecorum
1058 1742 1181 1790 rnorem
1204 1725 1277 1788 imi-

200 1829 321 1903 tantur,
356 1844 413 1890 suo
446 1825 580 1908 quisque
615 1827 745 1908 quidem
782 1828 887 1904 modo,
920 1826 953 1891 in
986 1826 1277 1906 constructionibus

200 1928 305 1992 minos
319 1927 428 1992 firmas
443 1926 572 2008 regulas
588 1935 774 2010 sequuntur,
794 1927 957 1994 vocabulis
972 1927 1162 2011 quibusdam
1178 1946 1276 1994 novas

200 2030 251 2093 vel
264 2029 444 2110 peculiares
460 2027 710 2109 significationes
725 2031 871 2109 afferunt,
894 2031 1048 2111 pristinas
1067 2036 1100 2095 et
1115 2030 1276 2096 obsoletas

201 2131 450 2215 significationes
471 2136 632 2209 revocant,
656 2153 718 2215 quo
741 2151 846 2198 sermo
867 2131 925 2196 fiat
939 2136 1063 2210 acutus,
1086 2132 1276 2214 quinetiam

201 2251 238 2298 ex
260 2232 482 2315 praesentibus
507 2231 670 2300 vocabulis
691 2240 724 2299 et
747 2235 976 2316 compositione
999 2239 1032 2298 et
1053 2234 1276 2300 immutatione

199 2355 282 2406 nova
313 2335 439 2416 fingunt
472 2341 505 2400 et
537 2334 666 2417 linguae
695 2338 829 2401 addunt.
881 2336 942 2413 Qui
971 2354 1040 2400 mos
1063 2336 1174 2400 Tacito
1201 2355 1274 2402 cum

199 2433 395 2515 Quintiliano
417 2443 451 2502 et
472 2437 576 2503 Plinio
598 2437 807 2528 omnibusque
830 2438 902 2503 aliis
918 2439 1094 2502 eommunis
1110 2443 1169 2503 est.
1206 2440 1274 2504 Ita-

198 2559 259 2623 que
281 2540 501 2606 convenientia
530 2539 755 2605 nonnullarum
781 2529 888 2604 rerum
911 2541 954 2604 ad
976 2539 1149 2605 dictionem
1171 2542 1274 2621 perti-

199 2642 343 2708 nentium
372 2642 501 2717 minime
528 2647 651 2706 certum
680 2647 730 2706 est
757 2641 910 2706 indicium
940 2660 1043 2724 neque
1065 2643 1128 2707 ista
1149 2644 1274 2708 ratione

198 2745 239 2809 de
260 2749 391 2808 auctore
413 2743 540 2809 omnino
562 2748 650 2809 recte
672 2744 819 2809 concludi
840 2747 957 2825 potest.
1003 2743 1084 2808 Cum
1106 2742 1205 2826 igitur
1219 2746 1274 2810 illa

198 2846 384 2928 quaestione
399 2865 419 2909 a
433 2845 524 2911 nobis
545 2849 647 2910 mota:
676 2851 786 2910 utrum
808 2846 901 2910 stilus
922 2845 1042 2927 dialogi
1060 2845 1209 2912 Taciteus
1231 2848 1275 2913 sit

198 2966 306 3026 necne,
331 2949 458 3014 omnino
480 2948 560 3013 nihil
574 2947 743 3025 efficiatur,
767 2947 986 3012 diversitatem
1001 2954 1108 3012 autem
1125 2949 1286 3014 dictionis·

198 3068 261 3115 non
284 3050 445 3130 possimus
467 3069 531 3115 non
546 3049 699 3128 confiteri,
721 3050 782 3114 hoc
799 3056 999 3131 postremum
1014 3055 1161 3132 superest
1176 3071 1273 3134 quae-

197 3153 346 3216 rendum:
359 3151 414 3216 illa
425 3152 595 3216 diversitas
603 3156 752 3233 potestne
761 3152 932 3232 explicari?
944 3157 1060 3217 suntne
1072 3159 1272 3234 argumenta,

197 3252 312 3336 quibus
341 3253 429 3318 illam
458 3253 577 3318 iustam
604 3271 675 3318 esse
698 3254 958 3318 demonstretur?
984 3292 1020 3300 -
1042 3253 1125 3318 Nam
1147 3273 1274 3336 semper

198 3355 305 3419 adhuc
338 3354 493 3420 librorum
526 3355 817 3436 manuscriptorum
850 3355 1037 3433 auctoritas,
1075 3357 1130 3438 qui
1161 3356 1273 3422 Tacito

197 3457 361 3538 dialogum
383 3457 538 3535 tribuunt,
562 3456 773 3522 custodienda
795 3460 828 3522 et
850 3457 1068 3522 conservanda
1089 3463 1148 3522 est.

282 3559 447 3641 Dialogus,
478 3560 506 3626 si
533 3560 663 3643 quidem
691 3577 787 3624 verus
817 3563 867 3624 est
881 3581 882 3584 ¹
895 3564 1008 3624 auctor
1029 3558 1169 3638 Tacitus,
1197 3577 1272 3624 con-

145 3707 149 3716 ‚
199 3662 338 3744 scriptus
374 3666 433 3740 est,
474 3668 511 3727 nt
551 3681 649 3744 supra
685 3661 984 3742 demonstravimus,
1030 3667 1171 3727 extremo
1208 3662 1273 3726 Titi

197 3765 350 3846 principis
383 3782 474 3828 anno.
525 3764 711 3829 Domitiano
743 3764 922 3845 imperante
952 3782 987 3828 se
1016 3763 1141 3829 siluisse
1170 3782 1273 3846 neque

197 3865 371 3948 quidquam
405 3866 561 3948 scriptum
597 3867 812 3949 divulgavisse
849 3867 918 3947 ipse
954 3870 1096 3930 testatur
1130 3866 1271 3932 Tacitus.

197 3966 324 4032 Primus
337 3966 428 4045 liber,
451 3987 544 4050 quem
560 3974 635 4059 post
649 3969 729 4034 illud
744 3975 871 4050 tempus
886 3970 919 4034 in
941 3967 1103 4050 publicum
1118 3969 1271 4049 prodidit,

196 4070 265 4136 vita
286 4071 454 4151 Agricolae
476 4071 578 4138 soceri
592 4076 651 4150 est,
675 4091 771 4154 quam
786 4090 869 4137 anno
891 4091 923 4152 p.
939 4070 1013 4136 Chr.
1036 4089 1067 4134 n.
1086 4077 1135 4135 97.
1151 4069 1271 4134 editam

198 4191 268 4238 esse
291 4171 370 4237 satis
392 4177 526 4239 constat.
573 4171 718 4239 Sedecim
741 4173 841 4255 igitur
863 4192 1018 4238 annorum
1034 4173 1172 4253 spatium
1187 4173 1272 4236 inter

198 4274 359 4356 dialogum
388 4276 602 4357 conscriptum
632 4277 666 4340 et
695 4280 819 4340 ceteros
847 4275 946 4341 libros
975 4275 1140 4340 intererat.
1193 4273 1272 4350 Quis
