3092 4928
1223 408 1271 478 27

203 611 390 677 confitetur:
429 633 519 690 „sum
542 635 582 676 eu
603 615 654 693 iis,
682 617 737 698 qui
759 615 858 702 mirer
879 615 1042 698 antiquos,
1065 632 1131 676 uou
1156 620 1271 690 tomen,

204 725 240 779 ut
257 716 397 801 quidam,
423 725 600 798 temporum
622 725 810 779 nostrorum
833 717 963 798 inqenia
986 715 1150 798 despicio:
1171 734 1273 799 neque

204 821 287 881 enim
309 820 404 904 quasi
427 820 518 882 lasso
540 826 572 881 et
594 816 692 901 effeto
713 825 848 894 natura,
872 826 908 882 ut
929 816 1010 880 nihil
1026 819 1090 880 iam
1105 815 1272 881 laudabile

202 921 347 1002 pariat‘.
393 919 478 985 Satis
499 920 585 984 iusto
607 921 713 984 animo
735 923 875 984 aetatem
904 937 994 984 suam
1021 919 1171 984 aestimat
1199 937 1272 982 ann.

203 1022 262 1086 III.
287 1027 336 1086 55.
359 1026 450 1086 extre
474 1023 560 1101 „nisi
579 1020 670 1104 forte
691 1022 789 1086 rebus
811 1025 938 1086 eunctis
959 1025 1043 1086 inest
1065 1020 1196 1107 quidam
1218 1041 1272 1084 ce·

205 1127 252 1189 lut
276 1125 376 1202 orbis,
399 1134 444 1202 ut,
470 1125 737 1212 quemadmodum
759 1133 939 1207 temporum
961 1125 1060 1201 cices,
1082 1125 1131 1188 ita
1150 1115 1273 1188 morum

203 1236 397 1294 uertuntur:
425 1248 494 1292 neo
523 1232 652 1293 omniu
682 1229 788 1312 apud
816 1227 978 1310 priores
999 1229 1172 1303 meliora,
1206 1225 1274 1290 sed

205 1339 352 1396 nostra
384 1351 542 1416 quoqne
576 1341 694 1394 oetas
726 1332 847 1394 multa
883 1328 1024 1392 laudis
1056 1337 1091 1392 et
1124 1331 1274 1392 artium

204 1433 401 1497 imitanda
437 1435 627 1516 posteris
665 1433 810 1504 tulit“,·
844 1467 884 1476 -
916 1428 991 1496 hist.
1020 1430 1046 1493 I.
1078 1437 1120 1494 3.:
1165 1448 1273 1507 „non

205 1545 337 1600 tamen
359 1535 465 1598 tadeo
492 1537 686 1599 uirtutum
713 1534 859 1597 sterile
888 1533 1102 1609 saeculum,
1130 1540 1171 1596 ut
1199 1551 1273 1595 nou

203 1647 239 1702 el
275 1638 378 1702 bona
414 1640 596 1720 esempla
630 1635 905 1720 prodiderit“.
969 1635 1075 1716 Atque
1111 1634 1274 1699 simillima

203 1739 364 1821 profertur
397 1739 558 1804 sententia
590 1740 623 1804 in
645 1738 782 1821 dialogo,
815 1737 871 1802 ubi
899 1739 932 1802 in
955 1756 981 1803 c.
1008 1745 1054 1804 18.
1088 1744 1163 1804 sunt
1194 1738 1273 1802 haec

202 1842 300 1907 verba
322 1841 433 1924 (atque
462 1859 501 1905 ea
526 1841 566 1906 ab
594 1842 691 1923 Apro,
718 1841 904 1906 recentioris
931 1841 1129 1924 eloquentiae
1162 1839 1273 1906 defen-

204 1961 286 2022 sore,
309 1942 549 2027 enuncientur):
578 1945 662 2023 „lroc
683 1945 810 2008 interim
831 1943 994 2026 probasse
1011 1952 1181 2008 contentus
1201 1964 1273 2007 sum

204 2067 269 2110 non
292 2067 363 2110 esse
392 2066 488 2110 unum
510 2049 713 2134 eloquentiae
738 2047 871 2122 cultum,
899 2047 959 2110 sed
985 2048 1106 2110 inillis
1134 2067 1272 2132 quoque,

205 2169 288 2236 quos
313 2149 443 2212 cocotis
465 2151 627 2235 autiquae,
659 2151 774 2232 plures
796 2151 923 2234 species
953 2147 1163 2231 deprehendi,
1201 2167 1274 2212 nec

204 2253 347 2316 statim
369 2251 560 2317 deterius
582 2273 691 2329 esse,
715 2253 817 2336 quod
839 2252 1045 2315 diuersum
1067 2258 1142 2325 est,
1167 2251 1272 2314 citio

205 2362 337 2418 autem
359 2355 637 2438 maliqnitatis
659 2354 853 2419 humanae
881 2361 1021 2417 cetera
1046 2371 1205 2436 semper
1235 2355 1273 2416 iu

205 2457 339 2535 laude,
354 2460 593 2540 praeseutia
608 2459 645 2520 in
658 2455 836 2540 fastidio
851 2459 973 2520 esse“.
1012 2454 1076 2520 Sed
1090 2454 1167 2537 quid
1181 2454 1274 2536 plura

203 2558 333 2622 afferam
356 2557 522 2638 exempla?
548 2558 698 2641 Quisquis
719 2557 944 2624 historicorum
964 2557 1067 2623 Taciti
1082 2557 1273 2638 scriptorum

204 2659 366 2741 ingenium
380 2662 468 2724 recte
482 2661 682 2741 perspexerit
696 2667 730 2726 et
743 2667 857 2744 postea
869 2661 1030 2742 dialogum
1041 2661 1082 2725 de
1093 2659 1274 2727 oratoribus

205 2761 390 2843 diligentius
404 2761 528 2844 legerit,
551 2765 685 2828 eandem
706 2764 740 2829 in
754 2763 898 2846 utrisque
912 2763 1102 2828 modestiam
1119 2767 1152 2827 et
1170 2763 1274 2828 conti·

204 2863 355 2941 nentium,
371 2865 507 2928 eundem
519 2866 648 2929 modum
664 2867 812 2948 idemque
823 2869 1111 2947 temperamentum
1123 2864 1272 2930 inveniet.

287 2965 378 3031 Alius
400 2985 477 3031 vero
506 2967 677 3049 singularis
706 2974 738 3033 et
764 2968 913 3050 proprius
939 2968 1028 3034 locus
1056 2968 1191 3045 aceedit,
1219 2968 1274 3050 qui

204 3067 408 3148 conspicuam
423 3067 556 3150 praebet
567 3070 685 3152 dialogi
697 3076 730 3137 et
745 3071 848 3136 Taciti
864 3070 1112 3136 similitudinem.
1143 3070 1274 3134 Tacitus

204 3170 288 3235 enim
311 3170 395 3235 inter
416 3170 537 3251 primas
568 3190 639 3238 esse
668 3191 781 3238 causas
807 3192 930 3238 morum
959 3174 1198 3238 demutatorum
1223 3173 1274 3236 in-

203 3272 330 3354 telligit,
353 3273 439 3354 quod
461 3278 592 3350 matres,
615 3293 695 3356 quae
716 3281 811 3340 antea
825 3275 912 3339 vitae
932 3293 1087 3338 summam
1109 3274 1275 3354 posuerint

203 3375 236 3441 in
259 3375 368 3440 liberis
397 3376 572 3441 educandis
600 3380 633 3440 et
658 3376 733 3441 inde
755 3377 855 3442 bonos
885 3375 970 3441 cives
991 3376 1184 3457 reipublicae
1205 3381 1273 3441 tra-

204 3477 355 3554 diderint,
378 3480 454 3543 tunc
475 3478 558 3543 hanc
580 3496 710 3559 operam
733 3478 799 3543 sive
821 3478 929 3543 taedio
952 3477 1019 3543 sive
1050 3478 1198 3560 superbia
1223 3479 1273 3542 in-

204 3581 322 3644 ductae
344 3586 532 3646 aversentur
554 3585 586 3645 et
608 3599 666 3661 per
684 3581 825 3646 nutrices
840 3586 873 3646 et
888 3580 1020 3646 ancillas
1035 3580 1151 3645 liberos
1167 3581 1274 3646 sinant

204 3681 374 3762 corrumpi.
410 3681 471 3758 Qut
492 3683 581 3748 locus
595 3687 744 3749 accurate
766 3687 799 3749 et
820 3683 950 3749 uberius
971 3688 1133 3749 tractatur
1155 3681 1187 3746 in
1203 3683 1273 3748 dia-

204 3784 277 3864 logo
304 3784 379 3849 inde
407 3801 475 3848 ac.
499 3791 560 3862 28,
589 3783 644 3849 ubi
669 3791 739 3850 tota
763 3804 937 3867 puerorum
962 3803 1166 3850 romanorum
1194 3787 1273 3850 edu-

205 3886 289 3951 catio
311 3887 397 3952 illius
411 3887 565 3968 temporis
580 3893 757 3953 enarratur.
791 3889 880 3954 Haec
902 3888 1072 3971 praecipue
1086 3887 1184 3952 'verba
1199 3893 1273 3952 sunt

205 3987 420 4054 observanda:
450 4007 477 4054 c.
501 3996 551 4053 28.
574 3992 668 4075 „quis
690 3993 823 4074 iquorat
845 4001 876 4056 et
898 3991 1111 4077 eloquentiam
1137 3998 1169 4052 et
1192 3997 1272 4052 cete-

204 4110 264 4155 ros
292 4100 384 4156 artes
412 4091 592 4156 desciuisse
624 4091 665 4156 ob
695 4095 761 4156 ista
788 4103 898 4156 uetere
923 4094 1036 4177 gloria
1065 4110 1130 4154 non
1158 4093 1273 4175 iuopia

206 4193 375 4271 dominum,
402 4194 463 4258 sed
489 4193 619 4258 desidio
650 4197 828 4260 iurmututis
857 4204 888 4258 et
918 4195 1180 4278 meqliqentio
1201 4213 1272 4275 pa·

205 4304 362 4360 reulum
379 4303 416 4360 et
432 4298 654 4360 inscientia
666 4299 1011 4384 praecipientium
1027 4305 1063 4361 et
1078 4296 1272 4362 obliuione
