3092 4928
281 382 327 450 14

279 582 568 664 manuscriptorum
591 581 798 658 auctoritate,
817 586 854 646 nt
870 599 910 644 ne
932 585 1001 646 tum
1024 581 1163 663 quidem,
1199 599 1270 646 cum
1293 598 1351 644 suo

278 685 395 749 iudicio
416 684 505 764 aliud
526 683 691 765 quidpiam
714 683 886 763 genuinum
908 700 980 748 esse
1010 682 1173 759 sensisset,
1203 702 1223 746 a
1248 682 1350 746 tradi-

278 786 365 856 tione
386 785 513 866 digredi
534 803 632 849 ausus
659 784 711 861 sit,
734 784 796 848 nisi
816 787 932 848 natura
954 783 1024 865 ipsa
1047 783 1233 848 certissimis
1254 803 1351 865 argu-

279 889 396 953 mentis
417 888 450 952 id
469 887 655 969 postulabat
677 891 710 950 et
732 905 842 950 verum
864 885 958 967 plane
980 885 1184 967 iudicabat.¹)
1220 887 1264 950 Et
1292 886 1352 951 hac

278 992 349 1073 ipsa
372 990 498 1056 critices
513 989 574 1068 via,
597 1007 693 1070 quam
707 987 872 1053 Bentleius
886 986 1009 1067 primus
1024 986 1106 1066 iniit,
1128 987 1353 1064 Lachmannus

279 1093 402 1174 primus
424 1092 521 1156 certis
542 1089 658 1156 finibus
681 1088 931 1170 circumscripsit
960 1088 1146 1172 legibusque
1174 1091 1351 1168 constituit,

278 1194 330 1259 hic
366 1192 562 1258 amethodo
590 1192 629 1258 G.
659 1191 836 1258 Hermanni
858 1191 981 1270 differt;
1018 1191 1113 1256 huius
1150 1192 1236 1257 enlm
1270 1193 1353 1257 ratio

279 1298 391 1362 critica
412 1293 545 1362 artificis
567 1301 617 1362 est
646 1300 681 1360 et
703 1294 901 1360 divinatione
931 1294 1071 1374 quadam
1098 1299 1135 1358 ut
1167 1293 1213 1358 ita
1247 1294 1352 1360 dicam

279 1399 420 1476 definIta,
457 1417 529 1464 cum
552 1398 718 1480 scriptoris
740 1415 886 1474 sermone
909 1401 942 1461 et
964 1414 1024 1460 usu
1047 1399 1142 1460 antea
1162 1395 1258 1476 plane
1279 1414 1352 1476 per-

280 1505 391 1582 specto
413 1499 583 1582 pristinam
607 1506 640 1564 et
655 1499 825 1580 genuinam
847 1497 983 1563 formam
1005 1497 1157 1562 restituat
1179 1495 1353 1562 secundum
1391 1529 1394 1534 ·

280 1621 373 1668 suum
395 1601 558 1666 iudicium.
603 1601 718 1683 Itaque
739 1599 916 1666 Hermanni
938 1600 1140 1665 coniecturae
1163 1618 1353 1682 quamquam

280 1722 405 1786 semper
429 1702 562 1768 subtiles
584 1706 617 1767 et
639 1703 823 1784 ingeniosae
845 1721 947 1784 neque
969 1722 1108 1785 unquam
1131 1705 1235 1786 „ipra
1246 1705 1354 1787 plocio

278 1805 501 1890 'limatiorem‘
524 1805 575 1888 (ut
597 1804 765 1870 Ellendtus
787 1805 819 1868 in
841 1804 900 1869 lex.
918 1803 1014 1885 Soph.
1031 1823 1061 1885 p.
1082 1811 1151 1869 105.
1175 1804 1353 1886 contendit)

280 1912 389 1972 tamen
419 1924 515 1994 saepe
544 1911 621 1970 sunt
645 1906 753 1990 aliquo
780 1905 875 1969 modo
902 1907 1051 1984 audaces,
1086 1926 1125 1972 ne
1152 1907 1257 1972 dicam
1287 1907 1355 1971 vlo-

280 2011 396 2079 lentae.
440 2009 639 2074 Lachmanni
670 2014 783 2074 contra
811 2009 895 2074 ratio
923 2014 973 2074 est
1001 2008 1164 2086 historica,
1201 2010 1233 2074 in
1263 2008 1355 2073 firmo

280 2111 490 2177 fundamento
512 2111 628 2193 posita,
666 2129 747 2194 quae
768 2111 872 2193 primo
893 2109 963 2175 loco
991 2110 1090 2176 libros
1120 2112 1355 2193 manuscriptos

281 2215 350 2278 adit
392 2217 426 2278 et
462 2213 576 2277 horum
613 2212 837 2294 gravissimum
872 2231 1028 2296 quemque
1065 2219 1098 2278 et
1142 2214 1355 2292 certissimum

280 2316 425 2397 sequitur
447 2314 525 2379 nihil
547 2332 606 2396 pro
629 2333 687 2379 sua
708 2315 875 2380 voluntate
900 2316 1063 2397 corrigens
1085 2316 1137 2380 vel
1158 2317 1354 2397 adiiciens.²)

281 2418 381 2482 Recte
402 2416 627 2481 Lachmannus
648 2415 807 2481 intellexit
829 2436 991 2498 nunquam
1018 2417 1110 2484 nobis
1132 2418 1172 2483 ab
1191 2419 1283 2483 initio
1307 2419 1356 2482 ius

283 2539 353 2585 esse
382 2539 402 2584 a
437 2518 591 2584 librorum
628 2519 802 2584 traditione
839 2519 1033 2598 discedendi,
1073 2522 1100 2584 si
1135 2519 1233 2586 libros
1268 2521 1356 2602 ipsos

284 2628 388 2688 certos
410 2626 444 2687 et
464 2620 546 2685 fidos
566 2619 685 2686 habere
707 2621 871 2686 debemus.

369 2724 483 2806 Itaque
516 2741 587 2788 cum
621 2723 661 2786 de
694 2723 878 2790 traditionis
910 2723 1047 2789 veritate
1069 2724 1176 2806 aliqua
1198 2724 1238 2789 de
1261 2741 1357 2788 causa

283 2825 427 2907 scrupuli
453 2823 645 2901 exstiterint,
674 2823 791 2907 ubique
820 2825 925 2907 pruna
954 2831 1003 2892 est
1030 2826 1175 2907 quaestio
1198 2826 1357 2907 generalis

284 2929 325 2991 de
347 2927 410 2991 fide
432 2931 465 2990 et
487 2926 681 2990 auctoritate
702 2926 856 2991 librorum
878 2927 1179 3010 manuscriptorum,
1206 2947 1302 3010 quam
1324 2933 1356 2991 et

283 3028 335 3093 hic
356 3045 529 3116 urgeamus
545 3032 682 3108 oportet.
727 3027 837 3110 Neque
853 3030 937 3094 enim
953 3029 1097 3111 profecto
1112 3035 1220 3111 potest
1235 3029 1356 3110 negari,
1375 3007 1385 3029 τ

283 3135 321 3195 ut
344 3130 493 3206 diximus,
516 3128 654 3211 aliquam
676 3129 900 3195 difficultatem
922 3131 1026 3196 inesse
1049 3133 1081 3196 in
1097 3132 1217 3213 dialogi
1232 3131 1357 3195 ratione

285 3231 422 3308 dicendi,
446 3219 528 3313 quae
554 3230 658 3313 prImo
685 3232 840 3314 adspectu
862 3239 928 3298 tarn
958 3234 1062 3299 aliena
1091 3253 1161 3300 esse
1182 3235 1310 3300 videtur
1338 3251 1358 3296 a

285 3333 388 3399 Taciti
411 3334 485 3398 stilo
507 3334 539 3398 in
561 3332 652 3398 libris
673 3334 833 3400 historicis
855 3335 1009 3414 adhibito,
1036 3341 1073 3400 ut
1101 3337 1171 3401 iure
1199 3335 1358 3404 dubitatio

187 3481 190 3488 -
285 3437 539 3517 ροεείυιηονθτί,
562 3455 604 3500 an
627 3455 737 3502 verum
760 3437 811 3516 sit,
834 3439 920 3521 quod
942 3437 1032 3502 libris
1047 3428 1275 3519 manuscriptis
1290 3443 1358 3502 tra-

284 3537 383 3616 ditur,
406 3536 552 3603 Tacitum
575 3539 644 3604 eius
666 3557 736 3603 esse
764 3544 937 3605 auctorem.
987 3539 1057 3602 Iam
1086 3539 1215 3621 quinam
1244 3540 1358 3604 horum

284 3640 439 3707 librorum
461 3641 505 3706 sit
525 3639 596 3705 fons
611 3660 755 3725 quaeque
777 3641 876 3723 origo,
892 3641 1058 3706 rideamus
1073 3642 1156 3720 ideo,
1172 3647 1209 3706 ut
1223 3659 1358 3723 cognos-

285 3761 403 3820 camus,
425 3741 547 3808 fidesne
568 3742 672 3808 iis'sit
694 3742 733 3808 ab
755 3743 846 3808 initio
866 3741 1014 3810 habenda
1034 3761 1142 3809 necne.

334 3975 338 3980 .
373 3999 397 4064 1)
416 3996 462 4050 Sic
481 3997 630 4065 praecipue
649 3997 678 4052 in
696 3997 841 4066 praeclara
858 3996 923 4052 novi
942 3996 1105 4051 testamenti
1123 3994 1295 4050 recensione.

372 4085 398 4150 ¹)
416 4082 532 4151 Insigne
562 4088 607 4138 est
635 4083 718 4138 buius
745 4083 864 4138 rationis
895 4083 1050 4151 exemplum
1078 4081 1105 4134 in
1132 4077 1302 4134 Lachmanni
1329 4084 1360 4133 et

286 4166 409 4234 Hauptii
428 4169 640 4241 „minueruupr
656 4167 809 4242 frbblirrq“
836 4185 863 4237 p.
882 4170 943 4224 281.
963 4175 1047 4235 extr,
1069 4167 1118 4222 ubi
1146 4173 1192 4220 est
1215 4165 1357 4220 adnotatio

286 4252 321 4306 ad
338 4251 452 4308 XVIII.
473 4268 501 4320 p.
523 4255 581 4307 132.
599 4254 626 4308 2.
