3092 4928
314 430 361 500 20

311 649 413 712 neque
435 633 503 696 veri
531 636 582 697 est
611 631 713 696 simile
741 631 825 696 hunc
852 649 922 696 esse
952 633 1097 711 eundem,
1132 651 1225 714 quem
1252 632 1381 697 Cassius

310 733 372 797 Dio
388 732 530 817 (LXVII.
546 734 610 816 12.)
625 754 645 798 a
659 735 843 801 Domitiano
866 735 1068 800 interfectum
1083 753 1153 800 esse
1168 734 1319 819 narrat1)
1339 771 1381 782 -·-

310 836 353 900 M.
376 838 473 918 Aper,
505 836 644 902 Materni
669 839 701 902 in
725 837 851 920 dialogo
879 839 1092 915 adversarius,
1124 836 1264 902 Gallicus
1285 837 1380 900 homo

224 1021 227 1030 Ι
310 939 408 1004 fuisse
444 939 580 1018 videtur,
616 944 653 1004 ut
686 959 724 1004 ex
760 942 828 1006 eius
856 941 960 1006 dictis
992 959 1074 1022 quae
1106 941 1137 1005 in
1171 940 1244 1004 dial.
1279 958 1305 1004 c.
1333 946 1379 1003 10.

310 1042 479 1124 leguntur:
536 1063 602 1120 „ne
646 1045 725 1130 qaid
767 1045 808 1109 de
854 1045 959 1108 Gallis
1001 1047 1127 1108 nostris
1147 1088 1149 1090 -
1171 1044 1381 1128 loquornor‚“

311 1145 417 1227 colligi
449 1146 533 1211 licet.
568 1145 718 1211 Ceterum
751 1167 908 1230 nusquam
944 1167 964 1211 a
997 1145 1205 1228 scriptoribus
1240 1147 1381 1228 antiquis

310 1249 380 1314 eius
402 1248 440 1314 fit
469 1250 598 1315 mentio.
624 1285 666 1296 -
688 1250 792 1316 Julius
815 1250 979 1315 Secundus
1002 1249 1147 1330 denique,
1176 1249 1227 1313 cui
1249 1249 1381 1329 exiguae

310 1351 343 1415 in
371 1352 497 1434 dialogo
522 1357 632 1434 partes
661 1352 756 1417 datae
779 1351 896 1435 sunt‚²)
933 1352 1075 1434 aequalis
1104 1350 1165 1416 luit
1195 1351 1381 1428 Quintiliani

310 1453 401 1536 eique
437 1455 550 1520 intima
586 1455 803 1521 familiaritate
837 1455 1033 1532 coniunctus,
1070 1459 1108 1518 ut
1139 1455 1209 1534 ipse
1241 1457 1380 1518 testatur

310 1557 525 1633 Quintilianus
552 1557 584 1623 in
614 1558 688 1623 inst.
720 1562 799 1622 orat.
828 1557 866 1621 X.
896 1565 924 1621 3.
950 1563 999 1620 12.
1051 1555 1186 1637 Saepius
1214 1561 1380 1638 praeterea

309 1658 349 1724 ab
373 1661 485 1725 eodem
508 1679 632 1725 summa
653 1680 725 1726 cum
747 1662 843 1726 laude
873 1659 1056 1724 nominatur
1084 1665 1117 1724 et
1144 1658 1229 1722 inter
1259 1659 1380 1724 lumina

309 1762 509 1844 eloquentiae
546 1769 741 1828 numeratur.
808 1762 1012 1829 Senectutem
1048 1761 1176 1826 videtur
1211 1781 1274 1826 non
1311 1781 1380 1827 csse

309 1865 447 1946 adeptus
470 1863 592 1948 (Quint.
615 1865 653 1930 X.
679 1877 706 1931 1.
733 1865 828 1950 mo).
884 1865 971 1929 Nihil
1004 1882 1079 1927 vero
1111 1863 1239 1928 omnino
1261 1865 1379 1928 certius

310 1973 438 2033 constat
460 1970 501 2034 de
524 1970 591 2035 eius
614 1974 721 2034 aetate
752 1985 855 2049 neque
878 1969 918 2031 de
952 1966 1088 2031 Curiatii
1118 1965 1258 2030 Materni
1280 1985 1380 2048 neque

308 2072 351 2136 de
361 2071 405 2135 M.
415 2072 504 2153 Apri.
515 2110 557 2119 —
568 2073 684 2138 Restat
697 2076 734 2135 ut
748 2071 915 2153 loquamur
930 2071 1027 2134 etiarn
1043 2071 1083 2133 de
1098 2068 1199 2133 Fabio
1214 2069 1234 2134 J
1235 2074 1317 2146 usto,
1338 2068 1380 2132 ad

308 2192 403 2255 quem
425 2174 551 2241 libellus
572 2176 612 2241 ab
634 2181 764 2241 auctore
786 2174 903 2239 missus
926 2179 984 2238 est.
1029 2172 1062 2237 Is
1083 2172 1211 2253 quidem
1237 2190 1301 2236 non
1330 2176 1379 2236 est

244 2324 247 2332 .
309 2281 406 2342 notus
428 2277 549 2343 nisiex
571 2277 665 2342 Plinii
686 2278 842 2359 epistulis,
870 2277 924 2359 qui
953 2278 996 2341 ad
1017 2295 1100 2353 eum,
1130 2275 1279 2340 videlicet
1300 2274 1380 2339 ami-

309 2396 381 2443 cum
404 2398 506 2458 suum,
529 2381 685 2461 epistulas
708 2381 799 2446 dedit
820 2380 894 2445 libri
914 2379 1010 2462 primi
1031 2377 1225 2443 undicimam
1254 2381 1287 2441 et
1308 2376 1380 2441 libri

308 2483 437 2563 septimi
459 2484 641 2547 secundam.
686 2484 724 2547 In
747 2483 859 2566 quinta
879 2482 953 2547 libri
979 2482 1076 2564 primi
1102 2480 1241 2562 epistula
1269 2497 1379 2544 eorum

308 2584 341 2648 in
365 2604 497 2651 numero
519 2591 713 2665 recensetur,
736 2585 850 2668 quibus
872 2585 1029 2667 Aquillius
1050 2583 1204 2664 Regulus,
1227 2581 1379 2647 subdolus

308 2686 370 2751 iste
392 2687 571 2753 causidicus
594 2693 627 2753 et
659 2689 794 2767 delator,
817 2688 968 2769 Vipstani
997 2686 1164 2752 Messallae
1191 2685 1303 2762 frater,
1329 2685 1379 2748 in·

307 2790 483 2856 ternunciis
503 2809 582 2856 usus
604 2791 656 2869 sit,
678 2796 715 2855 ut
728 2791 865 2856 Plinium
881 2790 942 2856 sibi
960 2789 1188 2855 reconciliaret.
1232 2788 1378 2852 Eundem

307 2913 335 2957 a.
362 2901 433 2958 111.
457 2915 488 2977 p.
511 2894 585 2960 Chr.
608 2914 638 2959 n.
662 2895 799 2960 Traiano
821 2894 999 2976 imperante
1021 2892 1182 2958 consulem
1211 2891 1378 2956 suffectum

307 2994 405 3062 fuisse
427 2997 570 3062 nonnulli
591 2997 712 3075 dicunt,
734 2998 841 3062 nescio
863 3015 925 3078 quo
947 2995 1129 3061 testimonio
1150 2993 1224 3059 nixi.

391 3118 451 3184 His
473 3118 617 3200 personis
638 3118 778 3183 breviter
800 3117 971 3199 descriptis
986 3121 1019 3181 et
1034 3114 1121 3179 velut
1135 3111 1377 3178 adumbratione

308 3220 404 3302 pictis
439 3221 473 3286 id
506 3226 640 3304 apparet
672 3222 792 3286 nullam
814 3221 899 3285 inter
921 3219 992 3284 illas
1014 3237 1072 3301 per
1093 3221 1222 3298 tempus
1251 3218 1386 3279 exstare.

308 3324 570 3407 discrepantiam
607 3329 703 3409 atque
736 3330 773 3389 ut
809 3323 892 3388 infra
923 3320 1111 3398 ridebimus,
1145 3317 1249 3382 Taciti
1280 3315 1376 3381 etiam

307 3427 408 3492 aetati
430 3428 558 3493 omnino
578 3427 782 3509 respondent.
805 3465 846 3474 —
870 3424 984 3495 Omnia
998 3442 1073 3489 vero
1098 3421 1162 3486 alia
1180 3436 1304 3503 quoque
1319 3437 1376 3482 no-

309 3532 396 3597 mina
417 3531 536 3598 nobilia
557 3539 590 3598 et
611 3531 773 3615 ignobilia,
797 3532 837 3594 de
866 3527 980 3611 quibus
1012 3526 1045 3590 in
1068 3523 1204 3606 dialogo,
1226 3521 1282 3586 ubi
1313 3520 1378 3586 fort

309 3639 443 3718 occasio,
467 3658 571 3703 sermo
592 3639 638 3717 fit,
672 3635 816 3702 homines
850 3632 916 3698 sive
949 3627 1097 3711 aequales
1130 3623 1377 3707 colloquentium

307 3741 374 3805 sive
395 3743 437 3806 ad
452 3741 590 3823 priorem
604 3744 744 3805 aetatem
766 3735 934 3812 referendi,
957 3733 1005 3798 ita
1026 3731 1221 3796 inducuntur
1235 3733 1268 3794 et
1290 3745 1376 3792 com-

307 3848 533 3922 memorantur,
556 3849 593 3908 ut
621 3849 711 3908 recta
744 3846 924 3920 temporum
956 3835 1039 3902 ratio
1072 3852 1198 3916 semper
1233 3836 1377 3897 servetur

307 3967 409 4030 neque
432 3947 603 4030 quidquam
626 3945 658 4010 in
685 3945 736 4009 his
763 3941 881 4023 dialogi
903 3939 1068 4020 Tacitique
1099 3935 1199 4000 aetati
1219 3936 1377 4016 repugnet

310 4068 368 4115 nec
390 4049 624 4116 necessitudine
639 4052 757 4114 careat.
795 4043 858 4110 Sed
881 4044 1011 4126 longum
1033 4045 1083 4106 est
1098 4057 1207 4104 omnes
1229 4037 1301 4102 illos
1319 4054 1377 4101 no-

395 4257 419 4322 ¹)
437 4255 473 4310 of.
493 4254 613 4310 Steiner.
632 4254 650 4308 l.
669 4254 688 4307 l.
708 4267 736 4320 p.
755 4251 798 4304 24.
818 4264 860 4317 sq.

391 4341 417 4408 ²)
436 4341 485 4396 sed
502 4339 600 4396 videas
620 4337 742 4395 Steiner.
761 4337 781 4391 l.
800 4336 818 4390 l.
835 4351 863 4404 p.
881 4333 1013 4390 30.-32.
