3092 4928
1237 344 1260 430 ,5

187 546 304 623 lerunt,
327 549 365 610 ut
386 544 440 609 alii
462 544 559 610 alium
583 543 763 626 eliganter
785 542 1143 623 argenteae'latinitatis
1158 543 1259 625 scrip·

187 646 310 732 toribus
332 647 452 727 dialogi
473 651 646 710 auctorem.
690 645 804 726 Itaque
826 645 889 708 iam
912 662 1029 726 operae
1043 645 1261 733 pretium,est

187 754 290 820 totam
320 749 360 812 de
386 747 514 829 dialogo
541 749 760 830 quaestionem
787 747 929 811 nondum
951 745 1130 839 confectam
1152 749 1258 812 denuo

185 869 312 916 movere
346 855 378 914 et
411 849 553 931 singulas
587 848 764 912 sententias
795 849 856 912 hac
889 847 921 911 in
947 866 982 912 re
1008 849 1151 929 prolatas
1177 869 1258 930 puro

185 951 304 1018 iudicio
326 951 507 1017 examinare
529 955 562 1016 et
585 951 755 1034 diligenter
777 949 883 1014 animo
905 950 1112 1030 perpendere.

271 1054 377 1136 Atque
391 1054 529 1136 primum
545 1053 674 1135 quidem
689 1052 865 1128 rideamne,
882 1067 1040 1132 quaenam
1057 1051 1121 1116 sint
1133 1069 1257 1130 causae,

186 1174 243 1223 cur
263 1154 328 1241 uiri
345 1155 434 1223 docti
454 1155 514 1220 hac
530 1153 561 1219 in
578 1153 779 1220 dubitatione
795 1151 958 1220 haeserint
981 1159 1078 1236 atque
1093 1154 1257 1219 haereant.

174 1257 295 1339 Neque
328 1257 412 1322 enim
446 1256 513 1322 sine
546 1254 674 1322 nomine
701 1254 843 1318 auctoris
871 1252 998 1318 libellus
1026 1253 1167 1320 traditus
1189 1264 1256 1334 est3

185 1359 241 1425 sed
273 1358 306 1422 in
338 1356 485 1439 plurimis
517 1355 679 1422 codicibus
711 1356 938 1437 manuscriptis
969 1393 1010 1403 —-
1044 1363 1120 1422 sunt
1149 1363 1257 1422 autem

183 1464 340 1541 quotquot
374 1459 520 1524 novimus
555 1457 712 1535 undecim,
742 1457 775 1521 in
806 1457 921 1540 quibus
942 1457 1027 1522 inest
1049 1495 1091 1505 —-
1117 1458 1168 1523 vel
1193 1478 1258 1523 una

183 1579 255 1626 cum
277 1560 382 1626 Taciti
403 1560 494 1625 libris
516 1559 677 1624 historicis
691 1559 890 1640 perscriptus
905 1567 956 1626 est
970 1561 1021 1626 vel
1036 1561 1131 1628 titulo
1150 1562 1256 1643 ipsum

182 1681 298 1727 nomen
333 1669 384 1728 est
420 1662 567 1736 additum
601 1661 743 1726 auctoris
773 1662 911 1728 Cornelii
950 1662 1063 1742 Taciti,
1092 1665 1258 1755 perpauci

182 1769 345 1840 auctorem
371 1783 435 1829 non
461 1769 730 1842 commemorant3
760 1765 852 1846 ¹quod
882 1783 957 1828 vero
987 1764 1020 1828 in
1053 1783 1118 1829 uno
1146 1765 1256 1831 codice

169 1865 430 1944 ·Vindobonensi,
462 1866 517 1949 qui
549 1864 668 1948 nullius
701 1865 867 1946 scriptoris
899 1866 1075 1948 quidquam
1112 1867 1256 1932 continet

181 1967 243 2032 nisi
269 1967 372 2034 Taciti
400 1985 506 2048 opera,
535 1965 723 2044 Quintiliam
756 1985 871 2033 nomen
892 1968 989 2050 idque
1019 1988 1114 2034 manu
1143 1956 1255 2034 recen-

165 2071 263 2148 tiore
292 2070 527 2154 praescriptum
555 2073 615 2146 est,
644 2068 763 2132 nullius
790 2073 841 2132 est
869 2070 1038 2134 momenti:
1078 2089 1152 2134 nam
1183 2089 1254 2136 cum

181 2172 285 2238 Taciti
320 2171 454 2236 editioni
485 2171 622 2253 principi
656 2169 868 2234 aVindelino
901 2169 1043 2251 Spirensi
1078 2172 1253 2237 secundum

181 2273 271 2344 illum
294 2273 435 2348 codicem
459 2271 737 2348 Vindobonensem
759 2272 843 2335 circa
869 2289 988 2335 annum
1014 2279 1104 2338 1470.
1120 2281 1254 2360 paratae

183 2375 330 2456 dialogus
358 2380 395 2439 ut
415 2373 528 2441 -Taciti
550 2373 737 2455 opusculum
764 2372 904 2438 insertus
931 2373 983 2451 sit,
1007 2375 1152 2456 sequitur
1173 2376 1254 2440 illud

159 2555 165 2564 ‚
182 2476 370 2556 Quintiliani
391 2495 506 2545 nomen
528 2475 707 2558 posteriore
728 2480 873 2556 tempore
888 2493 959 2539 esse
973 2476 1167 2560 appositum,
1191 2496 1253 2559 quo

182 2577 400 2646 dubitationes
422 2577 462 2642 de
484 2581 614 2648 auctore
630 2576 695 2643 iam
710 2575 910 2641 exstiterant.
955 2577 1078 2654 Quibus
1100 2579 1253 2659 expositis

182 2682 384 2762 cognoscitur
411 2699 449 2745 ex
475 2680 649 2744 traditione
676 2676 795 2758 dialogi
823 2697 887 2742 non
916 2697 996 2760 esse¹
1013 2679 1145 2746 dubium
1173 2700 1253 2754 auc·

181 2786 294 2846 torem.
337 2781 430 2861 Aliae
455 2782 555 2863 igitur
581 2785 805 2857 suntcausae,
829 2780 944 2862 quibus
967 2782 1119 2846 commoti
1142 2781 1252 2848 Tacito

181 2881 322 2948 libellum
344 2901 415 2948 esse
435 2883 682 2949 abiudicandum
701 2881 763 2944 viri
778 2881 865 2946 docti
886 2888 1093 2947 censuerunt:
1125 2889 1158 2948 et
1178 2891 1252 2948 sunt

181 2984 213 3049 in
241 2983 347 3053 libello
380 2984 460 3066 ipso.
506 2984 578 3051 Stili
611 2983 695 3047 enim
727 2982 899 3050 diversitas
932 2985 1043 3069 multis
1074 2992 1141 3051 tam
1172 2988 1253 3074 mira

180 3084 308 3150 videtur
338 3090 370 3151 et
396 3086 539 3170 insignis,
568 3091 605 3150 ut
634 3105 653 3148 a
683 3103 718 3149 se
749 3105 812 3150 non
845 3087 971 3167 possint
1003 3087 1186 3169 impetrare,
1217 3095 1253 3154 ut

181 3187 316 3251 eundem
340 3176 484 3253 Tacitum
514 3192 691 3269 agnoscant
720 3191 900 3266 auctorem;
930 3188 1009 3252 haec
1031 3189 1180 3271 princeps
1203 3197 1253 3256 est

181 3308 278 3356 causa
297 3288 434 3368 istamm
445 3289 703 3371 dubitationum,
727 3289 807 3352 alias
829 3289 944 3354 deinde
959 3290 1088 3355 aliunde
1107 3291 1251 3371 afferunt,

181 3390 296 3473 quibus
317 3392 497 3484 opinionem
519 3392 657 3465 firment.

265 3494 316 3557 Ad
338 3494 576 3563 reformationis
591 3493 826 3561 ecclesiasticae
841 3497 979 3557 aetatem
998 3513 1099 3577 usque
1114 3514 1154 3560 ne
1169 3515 1252 3562 unus

181 3594 309 3676 quidem
339 3596 389 3660 vir
419 3597 534 3664 doctus
564 3597 711 3660 Tacitum
747 3615 819 3674 non,
839 3612 910 3660 esse
941 3595 1061 3676 dialogi
1087 3605 1251 3663 auctorem

180 3695 335 3776 cogitavit
350 3698 475 3780 (neque
495 3699 530 3765 id
552 3705 604 3772 est
625 3698 709 3780 quod
732 3697 872 3774 mireris3
904 3698 1103 3778 nequeenim
1120 3699 1251 3764 Tacitus

169 3797 258 3873 ilde,
277 3798 476 3880 temporibus
510 3800 697 3880 diligentius
729 3798 933 3864 tractabatur
963 3818 1067 3881 neque
1104 3800 1251 3884 dialogus

179 3900 249 3982 ipse
278 3899 342 3964 iam
372 3901 427 3965 diu
456 3919 494 3965 ex
515 3900 681 3966 obhvionis
707 3901 904 3966 obscuritate
925 3901 958 3964 in
981 3900 1083 3966 lucem
1106 3902 1251 3988 prolatus

156 4004 281 4083 ⁴⁴erat);
312 4003 370 4066 sed
392 4009 460 4066 tum
484 4002 586 4067 secuti
608 4009 683 4067 sunt
705 4002 888 4067 traditionis
905 4002 1142 4080 auctoritatem,
1165 4006 1250 4092 quod

180 4111 316 4185 apparet
349 4103 516 4186 Pomponii
550 4103 659 4169 Sabini
693 4104 886 4180 testimonio,
924 4103 1012 4170 docti
1047 4105 1249 4185 grammatici

181 4205 282 4269 altero
312 4205 432 4269 saeculi
457 4205 525 4270 XV.
557 4205 689 4270 dimidio
719 4206 878 4292 florentis3
905 4206 933 4270 is
956 4205 1045 4298 venim
1069 4206 1248 4304 Copnelium
