<?xml version="1.0" encoding="UTF-8"?>
<!DOCTYPE html PUBLIC "-//W3C//DTD XHTML 1.0 Transitional//EN"
    "http://www.w3.org/TR/xhtml1/DTD/xhtml1-transitional.dtd">
<html xmlns="http://www.w3.org/1999/xhtml" xml:lang="en" lang="en">
 <head>
  <title>
</title>
<meta http-equiv="Content-Type" content="text/html;charset=utf-8" />
  <meta name='ocr-system' content='tesseract 3.04.00' />
  <meta name='ocr-capabilities' content='ocr_page ocr_carea ocr_par ocr_line ocrx_word'/>
</head>
<body>
  <div class='ocr_page' id='page_1' title='image "./dialogusquideor00wackgoog_0026.png"; bbox 0 0 3092 4928; ppageno 0'>
   <div class='ocr_carea' id='block_1_1' title="bbox 1192 398 1236 466">
    <p class='ocr_par' dir='ltr' id='par_1_1' title="bbox 1192 398 1236 466">
     <span class='ocr_line' id='line_1_1' title="bbox 1192 398 1236 466; baseline 0 0"><span class='ocrx_word' id='word_1_1' title='bbox 1192 398 1236 466; x_wconf 83' lang='lat'>21</span> 
     </span>
    </p>
   </div>
   <div class='ocr_carea' id='block_1_2' title="bbox 158 596 1241 4379">
    <p class='ocr_par' dir='ltr' id='par_1_2' title="bbox 171 596 1241 988">
     <span class='ocr_line' id='line_1_2' title="bbox 173 596 1239 681; baseline 0.001 -20"><span class='ocrx_word' id='word_1_2' title='bbox 173 596 318 662; x_wconf 91' lang='lat' dir='ltr'>minatim</span> <span class='ocrx_word' id='word_1_3' title='bbox 340 597 452 662; x_wconf 85' lang='lat' dir='ltr'>afferre</span> <span class='ocrx_word' id='word_1_4' title='bbox 467 597 725 680; x_wconf 90' lang='lat' dir='ltr'>singulorumque</span> <span class='ocrx_word' id='word_1_5' title='bbox 746 598 830 664; x_wconf 85' lang='lat' dir='ltr'>uitas</span> <span class='ocrx_word' id='word_1_6' title='bbox 853 604 886 664; x_wconf 91' lang='lat' dir='ltr'>et</span> <span class='ocrx_word' id='word_1_7' title='bbox 907 603 1053 681; x_wconf 89' lang='lat' dir='ltr'>tempora</span> <span class='ocrx_word' id='word_1_8' title='bbox 1074 618 1239 678; x_wconf 85' lang='lat' dir='ltr'>enarrare;</span> 
     </span>
     <span class='ocr_line' id='line_1_3' title="bbox 173 700 1241 782; baseline 0.002 -18"><span class='ocrx_word' id='word_1_9' title='bbox 173 701 200 764; x_wconf 93' lang='lat' dir='ltr'>si</span> <span class='ocrx_word' id='word_1_10' title='bbox 221 700 291 782; x_wconf 93' lang='lat' dir='ltr'>quis</span> <span class='ocrx_word' id='word_1_11' title='bbox 306 701 366 766; x_wconf 90' lang='lat' dir='ltr'>has</span> <span class='ocrx_word' id='word_1_12' title='bbox 381 719 433 766; x_wconf 91' lang='lat' dir='ltr'>res</span> <span class='ocrx_word' id='word_1_13' title='bbox 456 700 570 766; x_wconf 91' lang='lat' dir='ltr'>melius</span> <span class='ocrx_word' id='word_1_14' title='bbox 592 719 781 781; x_wconf 83' lang='lat' dir='ltr'>cognoscere</span> <span class='ocrx_word' id='word_1_15' title='bbox 803 701 881 779; x_wconf 87' lang='lat' dir='ltr'>vult,</span> <span class='ocrx_word' id='word_1_16' title='bbox 905 721 978 765; x_wconf 92' lang='lat' dir='ltr'>eum</span> <span class='ocrx_word' id='word_1_17' title='bbox 992 720 1177 767; x_wconf 83' lang='lat' dir='ltr'><strong>revocamus</strong></span> <span class='ocrx_word' id='word_1_18' title='bbox 1198 703 1241 766; x_wconf 91' lang='lat' dir='ltr'>ad</span> 
     </span>
     <span class='ocr_line' id='line_1_4' title="bbox 173 802 1240 888; baseline 0.005 -23"><span class='ocrx_word' id='word_1_19' title='bbox 173 802 302 867; x_wconf 86' lang='lat' dir='ltr'>Teuffeli</span> <span class='ocrx_word' id='word_1_20' title='bbox 322 803 533 888; x_wconf 71' lang='lat' dir='ltr'>„geschichte</span> <span class='ocrx_word' id='word_1_21' title='bbox 556 804 1036 882; x_wconf 61' lang='grc' dir='ltr'>1100011101001100111100010οβ</span> <span class='ocrx_word' id='word_1_22' title='bbox 1055 805 1109 886; x_wconf 92' lang='lat' dir='ltr'>qui</span> <span class='ocrx_word' id='word_1_23' title='bbox 1130 824 1240 870; x_wconf 91' lang='lat' dir='ltr'>eorum</span> 
     </span>
     <span class='ocr_line' id='line_1_5' title="bbox 171 889 954 988; baseline -0.001 -18"><span class='ocrx_word' id='word_1_24' title='bbox 171 924 228 970; x_wconf 92' lang='lat' dir='ltr'>suo</span> <span class='ocrx_word' id='word_1_25' title='bbox 250 905 401 988; x_wconf 89' lang='lat' dir='ltr'>cuiusque</span> <span class='ocrx_word' id='word_1_26' title='bbox 423 907 491 971; x_wconf 93' lang='lat' dir='ltr'>loco</span> <span class='ocrx_word' id='word_1_27' title='bbox 514 906 716 971; x_wconf 84' lang='lat' dir='ltr'><strong>mentionem.</strong></span> <span class='ocrx_word' id='word_1_28' title='bbox 729 905 815 970; x_wconf 85' lang='lat' dir='ltr'>facit.</span> <span class='ocrx_word' id='word_1_29' title='bbox 952 889 954 898; x_wconf 60' lang='grc'>’</span> 
     </span>
    </p>

    <p class='ocr_par' dir='ltr' id='par_1_3' title="bbox 158 1008 1239 4379">
     <span class='ocr_line' id='line_1_6' title="bbox 255 1008 1239 1091; baseline 0.003 -19"><span class='ocrx_word' id='word_1_30' title='bbox 255 1008 324 1073; x_wconf 90' lang='lat' dir='ltr'>Iam</span> <span class='ocrx_word' id='word_1_31' title='bbox 346 1010 511 1074; x_wconf 86' lang='lat' dir='ltr'>videamus</span> <span class='ocrx_word' id='word_1_32' title='bbox 532 1009 664 1091; x_wconf 86' lang='lat' dir='ltr'>reliqua,</span> <span class='ocrx_word' id='word_1_33' title='bbox 687 1008 773 1072; x_wconf 92' lang='lat' dir='ltr'>unde</span> <span class='ocrx_word' id='word_1_34' title='bbox 795 1008 835 1072; x_wconf 90' lang='lat' dir='ltr'>de</span> <span class='ocrx_word' id='word_1_35' title='bbox 854 1012 1034 1089; x_wconf 90' lang='lat' dir='ltr'>temporum</span> <span class='ocrx_word' id='word_1_36' title='bbox 1054 1009 1239 1075; x_wconf 89' lang='lat' dir='ltr'>definitione</span> 
     </span>
     <span class='ocr_line' id='line_1_7' title="bbox 169 1110 1238 1194; baseline 0.003 -19"><span class='ocrx_word' id='word_1_37' title='bbox 169 1110 338 1192; x_wconf 80' lang='lat' dir='ltr'><strong>colligitur.</strong></span> <span class='ocrx_word' id='word_1_38' title='bbox 384 1111 453 1187; x_wconf 82' lang='lat' dir='ltr'>Quo</span> <span class='ocrx_word' id='word_1_39' title='bbox 475 1129 557 1175; x_wconf 91' lang='lat' dir='ltr'>anno</span> <span class='ocrx_word' id='word_1_40' title='bbox 586 1110 732 1190; x_wconf 82' lang='lat' dir='ltr'>dialogus</span> <span class='ocrx_word' id='word_1_41' title='bbox 754 1110 900 1176; x_wconf 88' lang='lat' dir='ltr'>istitutus</span> <span class='ocrx_word' id='word_1_42' title='bbox 918 1111 1067 1194; x_wconf 88' lang='lat' dir='ltr'>fingatur,</span> <span class='ocrx_word' id='word_1_43' title='bbox 1091 1131 1129 1176; x_wconf 85' lang='lat' dir='ltr'>ex</span> <span class='ocrx_word' id='word_1_44' title='bbox 1144 1131 1170 1176; x_wconf 86' lang='lat' dir='ltr'>c.</span> <span class='ocrx_word' id='word_1_45' title='bbox 1189 1120 1238 1178; x_wconf 82' lang='lat'>17.</span> 
     </span>
     <span class='ocr_line' id='line_1_8' title="bbox 170 1212 1238 1298; baseline 0.004 -22"><span class='ocrx_word' id='word_1_46' title='bbox 170 1213 249 1276; x_wconf 89' lang='lat' dir='ltr'>satis</span> <span class='ocrx_word' id='word_1_47' title='bbox 282 1217 416 1294; x_wconf 90' lang='lat' dir='ltr'>apparet</span> <span class='ocrx_word' id='word_1_48' title='bbox 457 1212 557 1294; x_wconf 88' lang='lat' dir='ltr'>(quod</span> <span class='ocrx_word' id='word_1_49' title='bbox 588 1213 651 1278; x_wconf 88' lang='lat' dir='ltr'>iam</span> <span class='ocrx_word' id='word_1_50' title='bbox 688 1213 786 1277; x_wconf 91' lang='lat' dir='ltr'>semel</span> <span class='ocrx_word' id='word_1_51' title='bbox 822 1213 1014 1298; x_wconf 87' lang='lat' dir='ltr'>attigimus).</span> <span class='ocrx_word' id='word_1_52' title='bbox 1068 1214 1119 1279; x_wconf 94' lang='lat' dir='ltr'>Ibi</span> <span class='ocrx_word' id='word_1_53' title='bbox 1155 1215 1238 1281; x_wconf 91' lang='lat' dir='ltr'>enim</span> 
     </span>
     <span class='ocr_line' id='line_1_9' title="bbox 169 1315 1238 1398; baseline 0.004 -20"><span class='ocrx_word' id='word_1_54' title='bbox 169 1319 296 1397; x_wconf 88' lang='lat' dir='ltr'>tempus</span> <span class='ocrx_word' id='word_1_55' title='bbox 324 1315 398 1379; x_wconf 91' lang='lat' dir='ltr'>inde</span> <span class='ocrx_word' id='word_1_56' title='bbox 425 1335 445 1379; x_wconf 90' lang='lat' dir='ltr'>a</span> <span class='ocrx_word' id='word_1_57' title='bbox 472 1315 633 1380; x_wconf 82' lang='lat' dir='ltr'>Ciceronis</span> <span class='ocrx_word' id='word_1_58' title='bbox 664 1321 767 1380; x_wconf 87' lang='lat' dir='ltr'>morte</span> <span class='ocrx_word' id='word_1_59' title='bbox 798 1317 967 1398; x_wconf 90' lang='lat' dir='ltr'>usquead</span> <span class='ocrx_word' id='word_1_60' title='bbox 997 1317 1238 1382; x_wconf 90' lang='lat' dir='ltr'>collocutionem</span> 
     </span>
     <span class='ocr_line' id='line_1_10' title="bbox 168 1417 1239 1501; baseline 0.004 -20"><span class='ocrx_word' id='word_1_61' title='bbox 168 1417 312 1482; x_wconf 83' lang='lat' dir='ltr'>habitam</span> <span class='ocrx_word' id='word_1_62' title='bbox 351 1417 535 1482; x_wconf 85' lang='lat' dir='ltr'>summatim</span> <span class='ocrx_word' id='word_1_63' title='bbox 575 1417 856 1498; x_wconf 82' lang='lat' dir='ltr'>comprehenditur</span> <span class='ocrx_word' id='word_1_64' title='bbox 891 1423 1018 1483; x_wconf 90' lang='lat' dir='ltr'>centum</span> <span class='ocrx_word' id='word_1_65' title='bbox 1054 1424 1087 1483; x_wconf 88' lang='lat' dir='ltr'>et</span> <span class='ocrx_word' id='word_1_66' title='bbox 1122 1420 1239 1501; x_wconf 83' lang='lat' dir='ltr'>viginti</span> 
     </span>
     <span class='ocr_line' id='line_1_11' title="bbox 168 1520 1238 1601; baseline 0.003 -17"><span class='ocrx_word' id='word_1_67' title='bbox 168 1520 276 1599; x_wconf 91' lang='lat' dir='ltr'>annis;</span> <span class='ocrx_word' id='word_1_68' title='bbox 312 1537 408 1584; x_wconf 90' lang='lat' dir='ltr'>verus</span> <span class='ocrx_word' id='word_1_69' title='bbox 433 1538 585 1584; x_wconf 91' lang='lat' dir='ltr'>numerus</span> <span class='ocrx_word' id='word_1_70' title='bbox 612 1524 662 1584; x_wconf 88' lang='lat' dir='ltr'>est</span> <span class='ocrx_word' id='word_1_71' title='bbox 691 1525 819 1585; x_wconf 89' lang='lat' dir='ltr'>centum</span> <span class='ocrx_word' id='word_1_72' title='bbox 842 1524 875 1584; x_wconf 90' lang='lat' dir='ltr'>et</span> <span class='ocrx_word' id='word_1_73' title='bbox 897 1520 1134 1601; x_wconf 83' lang='lat' dir='ltr'>duodeviginti;</span> <span class='ocrx_word' id='word_1_74' title='bbox 1164 1541 1238 1587; x_wconf 88' lang='lat' dir='ltr'>nam</span> 
     </span>
     <span class='ocr_line' id='line_1_12' title="bbox 168 1621 1237 1703; baseline 0.003 -17"><span class='ocrx_word' id='word_1_75' title='bbox 168 1627 259 1687; x_wconf 86' lang='lat' dir='ltr'>sexta</span> <span class='ocrx_word' id='word_1_76' title='bbox 285 1621 494 1702; x_wconf 89' lang='lat' dir='ltr'>Vespasianei</span> <span class='ocrx_word' id='word_1_77' title='bbox 522 1621 722 1703; x_wconf 84' lang='lat' dir='ltr'>principatus</span> <span class='ocrx_word' id='word_1_78' title='bbox 752 1623 860 1702; x_wconf 88' lang='lat' dir='ltr'>statio,</span> <span class='ocrx_word' id='word_1_79' title='bbox 890 1627 927 1687; x_wconf 89' lang='lat' dir='ltr'>ut</span> <span class='ocrx_word' id='word_1_80' title='bbox 956 1623 1104 1700; x_wconf 78' lang='lat' dir='ltr'>uidimus,</span> <span class='ocrx_word' id='word_1_81' title='bbox 1136 1643 1237 1690; x_wconf 89' lang='lat' dir='ltr'>annus</span> 
     </span>
     <span class='ocr_line' id='line_1_13' title="bbox 168 1725 1238 1808; baseline 0.004 -19"><span class='ocrx_word' id='word_1_82' title='bbox 168 1730 217 1790; x_wconf 88' lang='lat' dir='ltr'>est</span> <span class='ocrx_word' id='word_1_83' title='bbox 241 1731 290 1788; x_wconf 79' lang='lat'>74.</span> <span class='ocrx_word' id='word_1_84' title='bbox 313 1725 363 1790; x_wconf 91' lang='lat' dir='ltr'>vel</span> <span class='ocrx_word' id='word_1_85' title='bbox 387 1731 435 1790; x_wconf 79' lang='lat'>75.</span> <span class='ocrx_word' id='word_1_86' title='bbox 463 1743 557 1790; x_wconf 88' lang='lat' dir='ltr'>aerae</span> <span class='ocrx_word' id='word_1_87' title='bbox 585 1731 723 1790; x_wconf 88' lang='lat' dir='ltr'>nostrae.</span> <span class='ocrx_word' id='word_1_88' title='bbox 768 1726 878 1807; x_wconf 88' lang='lat' dir='ltr'>Neque</span> <span class='ocrx_word' id='word_1_89' title='bbox 908 1726 992 1790; x_wconf 92' lang='lat' dir='ltr'>enim</span> <span class='ocrx_word' id='word_1_90' title='bbox 1015 1727 1121 1803; x_wconf 87' lang='lat' dir='ltr'>credo,</span> <span class='ocrx_word' id='word_1_91' title='bbox 1152 1729 1238 1808; x_wconf 92' lang='lat' dir='ltr'>quod</span> 
     </span>
     <span class='ocr_line' id='line_1_14' title="bbox 168 1827 1236 1908; baseline 0.002 -16"><span class='ocrx_word' id='word_1_92' title='bbox 168 1827 332 1893; x_wconf 85' lang='lat' dir='ltr'>Steinerus</span> <span class='ocrx_word' id='word_1_93' title='bbox 361 1827 464 1906; x_wconf 75' lang='lat' dir='ltr'>„iiber</span> <span class='ocrx_word' id='word_1_94' title='bbox 491 1829 553 1892; x_wconf 85' lang='lat' dir='ltr'>den</span> <span class='ocrx_word' id='word_1_95' title='bbox 582 1829 659 1892; x_wconf 81' lang='lat' dir='ltr'>dial.</span> <span class='ocrx_word' id='word_1_96' title='bbox 689 1829 729 1892; x_wconf 85' lang='lat' dir='ltr'>de</span> <span class='ocrx_word' id='word_1_97' title='bbox 757 1834 872 1892; x_wconf 79' lang='lat' dir='ltr'>ornt.“</span> <span class='ocrx_word' id='word_1_98' title='bbox 892 1847 922 1908; x_wconf 93' lang='lat' dir='ltr'>p.</span> <span class='ocrx_word' id='word_1_99' title='bbox 949 1835 998 1892; x_wconf 84' lang='grc'>17.</span> <span class='ocrx_word' id='word_1_100' title='bbox 1029 1832 1095 1892; x_wconf 83' lang='grc'>1101.</span> <span class='ocrx_word' id='word_1_101' title='bbox 1120 1835 1170 1894; x_wconf 80' lang='lat'>29.</span> <span class='ocrx_word' id='word_1_102' title='bbox 1200 1836 1236 1895; x_wconf 92' lang='lat' dir='ltr'>ut</span> 
     </span>
     <span class='ocr_line' id='line_1_15' title="bbox 167 1929 1236 2014; baseline 0.001 -19"><span class='ocrx_word' id='word_1_103' title='bbox 167 1930 381 1995; x_wconf 90' lang='lat' dir='ltr'>coniecturam</span> <span class='ocrx_word' id='word_1_104' title='bbox 403 1931 565 2012; x_wconf 86' lang='lat' dir='ltr'>proponit,</span> <span class='ocrx_word' id='word_1_105' title='bbox 588 1932 795 1996; x_wconf 90' lang='lat' dir='ltr'>stationem</span> <span class='ocrx_word' id='word_1_106' title='bbox 818 1933 851 1994; x_wconf 88' lang='lat' dir='ltr'>et</span> <span class='ocrx_word' id='word_1_107' title='bbox 865 1929 925 1994; x_wconf 92' lang='lat' dir='ltr'>hoc</span> <span class='ocrx_word' id='word_1_108' title='bbox 940 1929 1010 1994; x_wconf 89' lang='lat' dir='ltr'>loeo</span> <span class='ocrx_word' id='word_1_109' title='bbox 1031 1949 1090 2010; x_wconf 93' lang='lat' dir='ltr'>pro</span> <span class='ocrx_word' id='word_1_110' title='bbox 1112 1931 1236 2014; x_wconf 91' lang='lat' dir='ltr'>impe-</span> 
     </span>
     <span class='ocr_line' id='line_1_16' title="bbox 165 2031 1235 2115; baseline 0.002 -18"><span class='ocrx_word' id='word_1_111' title='bbox 165 2033 221 2097; x_wconf 89' lang='lat' dir='ltr'>rii</span> <span class='ocrx_word' id='word_1_112' title='bbox 247 2051 401 2097; x_wconf 90' lang='lat' dir='ltr'>munere</span> <span class='ocrx_word' id='word_1_113' title='bbox 426 2033 476 2096; x_wconf 86' lang='lat' dir='ltr'>uel</span> <span class='ocrx_word' id='word_1_114' title='bbox 504 2033 607 2097; x_wconf 84' lang='lat' dir='ltr'>vitae</span> <span class='ocrx_word' id='word_1_115' title='bbox 630 2034 763 2115; x_wconf 91' lang='lat' dir='ltr'>spatio</span> <span class='ocrx_word' id='word_1_116' title='bbox 785 2034 832 2098; x_wconf 89' lang='lat' dir='ltr'>ita</span> <span class='ocrx_word' id='word_1_117' title='bbox 855 2032 927 2109; x_wconf 88' lang='lat' dir='ltr'>dici,</span> <span class='ocrx_word' id='word_1_118' title='bbox 950 2037 987 2096; x_wconf 88' lang='lat' dir='ltr'>ut</span> <span class='ocrx_word' id='word_1_119' title='bbox 1009 2031 1126 2114; x_wconf 84' lang='lat' dir='ltr'>singuli</span> <span class='ocrx_word' id='word_1_120' title='bbox 1147 2036 1235 2115; x_wconf 91' lang='lat' dir='ltr'>prin-</span> 
     </span>
     <span class='ocr_line' id='line_1_17' title="bbox 166 2135 1236 2218; baseline 0.001 -17"><span class='ocrx_word' id='word_1_121' title='bbox 166 2135 291 2217; x_wconf 91' lang='lat' dir='ltr'>cipatus</span> <span class='ocrx_word' id='word_1_122' title='bbox 307 2140 534 2200; x_wconf 90' lang='lat' dir='ltr'>enumerentur</span> <span class='ocrx_word' id='word_1_123' title='bbox 548 2141 645 2218; x_wconf 90' lang='lat' dir='ltr'>atque</span> <span class='ocrx_word' id='word_1_124' title='bbox 666 2136 738 2200; x_wconf 91' lang='lat' dir='ltr'>ideo</span> <span class='ocrx_word' id='word_1_125' title='bbox 753 2135 893 2216; x_wconf 83' lang='lat' dir='ltr'>Augusti</span> <span class='ocrx_word' id='word_1_126' title='bbox 914 2135 989 2198; x_wconf 91' lang='lat' dir='ltr'>anni</span> <span class='ocrx_word' id='word_1_127' title='bbox 1012 2152 1066 2198; x_wconf 86' lang='lat' dir='ltr'>sex</span> <span class='ocrx_word' id='word_1_128' title='bbox 1088 2139 1122 2200; x_wconf 90' lang='lat' dir='ltr'>et</span> <span class='ocrx_word' id='word_1_129' title='bbox 1144 2138 1236 2218; x_wconf 91' lang='lat' dir='ltr'>quin-</span> 
     </span>
     <span class='ocr_line' id='line_1_18' title="bbox 165 2236 1236 2321; baseline 0.004 -20"><span class='ocrx_word' id='word_1_130' title='bbox 165 2238 319 2320; x_wconf 88' lang='lat' dir='ltr'>quaginta</span> <span class='ocrx_word' id='word_1_131' title='bbox 354 2237 467 2321; x_wconf 83' lang='lat' dir='ltr'>primn,</span> <span class='ocrx_word' id='word_1_132' title='bbox 505 2237 623 2302; x_wconf 85' lang='lat' dir='ltr'>Tiberii</span> <span class='ocrx_word' id='word_1_133' title='bbox 658 2244 725 2302; x_wconf 92' lang='lat' dir='ltr'>tres</span> <span class='ocrx_word' id='word_1_134' title='bbox 762 2241 796 2301; x_wconf 91' lang='lat' dir='ltr'>et</span> <span class='ocrx_word' id='word_1_135' title='bbox 831 2236 946 2318; x_wconf 83' lang='lat' dir='ltr'>viginti</span> <span class='ocrx_word' id='word_1_136' title='bbox 978 2238 1127 2315; x_wconf 84' lang='lat' dir='ltr'>secunda,</span> <span class='ocrx_word' id='word_1_137' title='bbox 1166 2240 1236 2304; x_wconf 82' lang='lat' dir='ltr'>Caii</span> 
     </span>
     <span class='ocr_line' id='line_1_19' title="bbox 165 2337 1236 2423; baseline 0.004 -19"><span class='ocrx_word' id='word_1_138' title='bbox 165 2341 408 2423; x_wconf 87' lang='lat' dir='ltr'>quadriennium</span> <span class='ocrx_word' id='word_1_139' title='bbox 430 2341 538 2418; x_wconf 85' lang='lat' dir='ltr'>tertia,</span> <span class='ocrx_word' id='word_1_140' title='bbox 561 2339 610 2405; x_wconf 92' lang='lat' dir='ltr'>bis</span> <span class='ocrx_word' id='word_1_141' title='bbox 633 2339 781 2422; x_wconf 87' lang='lat' dir='ltr'>quaterni</span> <span class='ocrx_word' id='word_1_142' title='bbox 803 2339 877 2403; x_wconf 91' lang='lat' dir='ltr'>deni</span> <span class='ocrx_word' id='word_1_143' title='bbox 899 2337 1026 2402; x_wconf 83' lang='lat' dir='ltr'>Claudii</span> <span class='ocrx_word' id='word_1_144' title='bbox 1048 2357 1085 2402; x_wconf 86' lang='lat' dir='ltr'>ac</span> <span class='ocrx_word' id='word_1_145' title='bbox 1099 2339 1236 2408; x_wconf 90' lang='lat' dir='ltr'>Neronis</span> 
     </span>
     <span class='ocr_line' id='line_1_20' title="bbox 164 2439 1234 2525; baseline 0.002 -17"><span class='ocrx_word' id='word_1_146' title='bbox 164 2444 239 2508; x_wconf 87' lang='lat' dir='ltr'>anni</span> <span class='ocrx_word' id='word_1_147' title='bbox 265 2447 389 2525; x_wconf 89' lang='lat' dir='ltr'>quarta,</span> <span class='ocrx_word' id='word_1_148' title='bbox 418 2440 539 2506; x_wconf 87' lang='lat' dir='ltr'>Galbae</span> <span class='ocrx_word' id='word_1_149' title='bbox 571 2448 605 2507; x_wconf 90' lang='lat' dir='ltr'>et</span> <span class='ocrx_word' id='word_1_150' title='bbox 638 2442 774 2507; x_wconf 89' lang='lat' dir='ltr'>Othonis</span> <span class='ocrx_word' id='word_1_151' title='bbox 807 2446 841 2505; x_wconf 88' lang='lat' dir='ltr'>et</span> <span class='ocrx_word' id='word_1_152' title='bbox 872 2439 995 2504; x_wconf 90' lang='lat' dir='ltr'>Vitellii</span> <span class='ocrx_word' id='word_1_153' title='bbox 1022 2461 1105 2508; x_wconf 93' lang='lat' dir='ltr'>unus</span> <span class='ocrx_word' id='word_1_154' title='bbox 1131 2463 1234 2510; x_wconf 91' lang='lat' dir='ltr'>annus</span> 
     </span>
     <span class='ocr_line' id='line_1_21' title="bbox 163 2542 1232 2631; baseline 0.002 -22"><span class='ocrx_word' id='word_1_155' title='bbox 163 2547 283 2628; x_wconf 87' lang='lat' dir='ltr'>quinta,</span> <span class='ocrx_word' id='word_1_156' title='bbox 307 2545 497 2626; x_wconf 89' lang='lat' dir='ltr'>Vespasiani</span> <span class='ocrx_word' id='word_1_157' title='bbox 512 2546 647 2628; x_wconf 93' lang='lat' dir='ltr'>denique</span> <span class='ocrx_word' id='word_1_158' title='bbox 670 2546 868 2628; x_wconf 88' lang='lat' dir='ltr'>principatus</span> <span class='ocrx_word' id='word_1_159' title='bbox 891 2549 981 2609; x_wconf 86' lang='lat' dir='ltr'>sexta</span> <span class='ocrx_word' id='word_1_160' title='bbox 1002 2542 1099 2609; x_wconf 82' lang='lat' dir='ltr'>fuerit</span> <span class='ocrx_word' id='word_1_161' title='bbox 1121 2547 1232 2631; x_wconf 88' lang='lat' dir='ltr'>statio;</span> 
     </span>
     <span class='ocr_line' id='line_1_22' title="bbox 163 2646 1233 2732; baseline 0.002 -20"><span class='ocrx_word' id='word_1_162' title='bbox 163 2667 243 2731; x_wconf 91' lang='lat' dir='ltr'>quae</span> <span class='ocrx_word' id='word_1_163' title='bbox 266 2648 348 2712; x_wconf 90' lang='lat' dir='ltr'>ratio</span> <span class='ocrx_word' id='word_1_164' title='bbox 370 2648 463 2712; x_wconf 90' lang='lat' dir='ltr'>nimis</span> <span class='ocrx_word' id='word_1_165' title='bbox 485 2649 631 2730; x_wconf 89' lang='lat' dir='ltr'>quaesita</span> <span class='ocrx_word' id='word_1_166' title='bbox 655 2648 797 2726; x_wconf 68' lang='lat' dir='ltr'>videtum</span> <span class='ocrx_word' id='word_1_167' title='bbox 828 2649 885 2712; x_wconf 90' lang='lat' dir='ltr'>sed</span> <span class='ocrx_word' id='word_1_168' title='bbox 908 2666 979 2712; x_wconf 93' lang='lat' dir='ltr'>cum</span> <span class='ocrx_word' id='word_1_169' title='bbox 1005 2646 1152 2713; x_wconf 87' lang='lat' dir='ltr'>Schulzio</span> <span class='ocrx_word' id='word_1_170' title='bbox 1176 2650 1233 2732; x_wconf 92' lang='lat' dir='ltr'>(ad</span> 
     </span>
     <span class='ocr_line' id='line_1_23' title="bbox 163 2750 1232 2834; baseline 0.001 -19"><span class='ocrx_word' id='word_1_171' title='bbox 163 2751 237 2815; x_wconf 91' lang='lat' dir='ltr'>dial.</span> <span class='ocrx_word' id='word_1_172' title='bbox 261 2769 286 2816; x_wconf 93' lang='lat' dir='ltr'>c.</span> <span class='ocrx_word' id='word_1_173' title='bbox 311 2752 376 2832; x_wconf 83' lang='lat'><strong>17.)</strong></span> <span class='ocrx_word' id='word_1_174' title='bbox 400 2755 433 2814; x_wconf 90' lang='lat' dir='ltr'>et</span> <span class='ocrx_word' id='word_1_175' title='bbox 447 2751 651 2816; x_wconf 89' lang='lat' dir='ltr'>Boettichero</span> <span class='ocrx_word' id='word_1_176' title='bbox 667 2751 733 2833; x_wconf 85' lang='lat' dir='ltr'>(lex</span> <span class='ocrx_word' id='word_1_177' title='bbox 747 2751 820 2815; x_wconf 85' lang='lat' dir='ltr'>Tac.</span> <span class='ocrx_word' id='word_1_178' title='bbox 844 2769 920 2814; x_wconf 84' lang='lat' dir='ltr'>su.</span> <span class='ocrx_word' id='word_1_179' title='bbox 944 2750 1077 2831; x_wconf 89' lang='lat' dir='ltr'>statio)</span> <span class='ocrx_word' id='word_1_180' title='bbox 1099 2751 1232 2834; x_wconf 89' lang='lat' dir='ltr'>aliisque</span> 
     </span>
     <span class='ocr_line' id='line_1_24' title="bbox 163 2852 1231 2936; baseline 0.002 -20"><span class='ocrx_word' id='word_1_181' title='bbox 163 2853 379 2918; x_wconf 86' lang='lat' dir='ltr'>stationem</span> <span class='ocrx_word' id='word_1_182' title='bbox 408 2871 467 2934; x_wconf 92' lang='lat' dir='ltr'>pro</span> <span class='ocrx_word' id='word_1_183' title='bbox 494 2858 602 2916; x_wconf 89' lang='lat' dir='ltr'>certa</span> <span class='ocrx_word' id='word_1_184' title='bbox 628 2853 784 2936; x_wconf 91' lang='lat' dir='ltr'>imperii</span> <span class='ocrx_word' id='word_1_185' title='bbox 812 2853 933 2916; x_wconf 93' lang='lat' dir='ltr'>unius</span> <span class='ocrx_word' id='word_1_186' title='bbox 960 2852 1149 2933; x_wconf 84' lang='lat' dir='ltr'>periodo,</span> <span class='ocrx_word' id='word_1_187' title='bbox 1172 2874 1231 2936; x_wconf 92' lang='lat' dir='ltr'>pro</span> 
     </span>
     <span class='ocr_line' id='line_1_25' title="bbox 162 2952 1231 3037; baseline 0.002 -18"><span class='ocrx_word' id='word_1_188' title='bbox 162 2974 263 3020; x_wconf 89' lang='lat' dir='ltr'>anno</span> <span class='ocrx_word' id='word_1_189' title='bbox 285 2954 442 3035; x_wconf 91' lang='lat' dir='ltr'>imperii</span> <span class='ocrx_word' id='word_1_190' title='bbox 465 2954 549 3018; x_wconf 90' lang='lat' dir='ltr'>malo</span> <span class='ocrx_word' id='word_1_191' title='bbox 570 2954 786 3037; x_wconf 88' lang='lat' dir='ltr'>interpretari,</span> <span class='ocrx_word' id='word_1_192' title='bbox 810 2955 954 3036; x_wconf 82' lang='lat' dir='ltr'>quamvis</span> <span class='ocrx_word' id='word_1_193' title='bbox 976 2952 1054 3018; x_wconf 90' lang='lat' dir='ltr'>haec</span> <span class='ocrx_word' id='word_1_194' title='bbox 1075 2954 1162 3020; x_wconf 86' lang='lat' dir='ltr'>vocis</span> <span class='ocrx_word' id='word_1_195' title='bbox 1183 2957 1231 3022; x_wconf 90' lang='lat' dir='ltr'>vis</span> 
     </span>
     <span class='ocr_line' id='line_1_26' title="bbox 162 3055 1231 3137; baseline 0.003 -17"><span class='ocrx_word' id='word_1_196' title='bbox 162 3057 249 3137; x_wconf 89' lang='lat' dir='ltr'>apud</span> <span class='ocrx_word' id='word_1_197' title='bbox 271 3057 443 3137; x_wconf 89' lang='lat' dir='ltr'>scriptores</span> <span class='ocrx_word' id='word_1_198' title='bbox 465 3076 528 3122; x_wconf 92' lang='lat' dir='ltr'>non</span> <span class='ocrx_word' id='word_1_199' title='bbox 552 3058 595 3122; x_wconf 89' lang='lat' dir='ltr'>sit</span> <span class='ocrx_word' id='word_1_200' title='bbox 615 3059 745 3122; x_wconf 88' lang='lat' dir='ltr'>usitata.</span> <span class='ocrx_word' id='word_1_201' title='bbox 770 3094 810 3102; x_wconf 82' lang='lat'>-</span> <span class='ocrx_word' id='word_1_202' title='bbox 833 3055 972 3132; x_wconf 80' lang='lat' dir='ltr'>Quotum</span> <span class='ocrx_word' id='word_1_203' title='bbox 987 3060 1096 3119; x_wconf 88' lang='lat' dir='ltr'>autem</span> <span class='ocrx_word' id='word_1_204' title='bbox 1112 3075 1231 3122; x_wconf 89' lang='lat' dir='ltr'>annum</span> 
     </span>
     <span class='ocr_line' id='line_1_27' title="bbox 162 3159 1232 3250; baseline 0.003 -28"><span class='ocrx_word' id='word_1_205' title='bbox 162 3159 291 3236; x_wconf 85' lang='lat' dir='ltr'>Tacitus</span> <span class='ocrx_word' id='word_1_206' title='bbox 320 3178 358 3223; x_wconf 93' lang='lat' dir='ltr'>eo</span> <span class='ocrx_word' id='word_1_207' title='bbox 386 3164 532 3241; x_wconf 88' lang='lat' dir='ltr'>tempore</span> <span class='ocrx_word' id='word_1_208' title='bbox 560 3161 672 3250; x_wconf 88' lang='lat' dir='ltr'>egerit,</span> <span class='ocrx_word' id='word_1_209' title='bbox 702 3179 764 3225; x_wconf 92' lang='lat' dir='ltr'>nnn</span> <span class='ocrx_word' id='word_1_210' title='bbox 794 3177 963 3241; x_wconf 91' lang='lat' dir='ltr'>possumus</span> <span class='ocrx_word' id='word_1_211' title='bbox 993 3159 1143 3240; x_wconf 90' lang='lat' dir='ltr'>colligere</span> <span class='ocrx_word' id='word_1_212' title='bbox 1168 3161 1232 3226; x_wconf 91' lang='lat' dir='ltr'>nisi</span> 
     </span>
     <span class='ocr_line' id='line_1_28' title="bbox 162 3261 1229 3346; baseline 0.001 -19"><span class='ocrx_word' id='word_1_213' title='bbox 162 3281 200 3327; x_wconf 90' lang='lat' dir='ltr'>ex</span> <span class='ocrx_word' id='word_1_214' title='bbox 227 3262 441 3343; x_wconf 90' lang='lat' dir='ltr'>computando</span> <span class='ocrx_word' id='word_1_215' title='bbox 470 3266 503 3326; x_wconf 91' lang='lat' dir='ltr'>et</span> <span class='ocrx_word' id='word_1_216' title='bbox 532 3262 736 3339; x_wconf 77' lang='lat' dir='ltr'>conficiendo,</span> <span class='ocrx_word' id='word_1_217' title='bbox 767 3279 839 3326; x_wconf 91' lang='lat' dir='ltr'>cum</span> <span class='ocrx_word' id='word_1_218' title='bbox 861 3261 940 3326; x_wconf 93' lang='lat' dir='ltr'>nihil</span> <span class='ocrx_word' id='word_1_219' title='bbox 965 3262 1045 3327; x_wconf 88' lang='lat' dir='ltr'>certi</span> <span class='ocrx_word' id='word_1_220' title='bbox 1074 3263 1113 3326; x_wconf 96' lang='lat' dir='ltr'>de</span> <span class='ocrx_word' id='word_1_221' title='bbox 1135 3281 1229 3346; x_wconf 86' lang='lat' dir='ltr'>anno,</span> 
     </span>
     <span class='ocr_line' id='line_1_29' title="bbox 161 3363 1229 3447; baseline 0 -17"><span class='ocrx_word' id='word_1_222' title='bbox 161 3384 223 3447; x_wconf 93' lang='lat' dir='ltr'>quo</span> <span class='ocrx_word' id='word_1_223' title='bbox 244 3369 340 3430; x_wconf 90' lang='lat' dir='ltr'>natus</span> <span class='ocrx_word' id='word_1_224' title='bbox 362 3366 414 3444; x_wconf 87' lang='lat' dir='ltr'>sit,</span> <span class='ocrx_word' id='word_1_225' title='bbox 437 3365 617 3430; x_wconf 88' lang='lat' dir='ltr'>litterarum</span> <span class='ocrx_word' id='word_1_226' title='bbox 633 3369 838 3429; x_wconf 89' lang='lat' dir='ltr'>monumenta</span> <span class='ocrx_word' id='word_1_227' title='bbox 853 3364 1033 3429; x_wconf 86' lang='lat' dir='ltr'>exhibeant.</span> <span class='ocrx_word' id='word_1_228' title='bbox 1078 3363 1229 3430; x_wconf 92' lang='lat' dir='ltr'>Virorum</span> 
     </span>
     <span class='ocr_line' id='line_1_30' title="bbox 161 3466 1227 3549; baseline 0.001 -17"><span class='ocrx_word' id='word_1_229' title='bbox 161 3469 327 3532; x_wconf 90' lang='lat' dir='ltr'>doctorum</span> <span class='ocrx_word' id='word_1_230' title='bbox 356 3468 483 3549; x_wconf 91' lang='lat' dir='ltr'>quidem</span> <span class='ocrx_word' id='word_1_231' title='bbox 511 3467 675 3549; x_wconf 88' lang='lat' dir='ltr'>opiniones</span> <span class='ocrx_word' id='word_1_232' title='bbox 696 3466 853 3532; x_wconf 90' lang='lat' dir='ltr'>fluctuant</span> <span class='ocrx_word' id='word_1_233' title='bbox 876 3467 960 3531; x_wconf 90' lang='lat' dir='ltr'>inter</span> <span class='ocrx_word' id='word_1_234' title='bbox 982 3486 1100 3531; x_wconf 91' lang='lat' dir='ltr'>annum</span> <span class='ocrx_word' id='word_1_235' title='bbox 1123 3473 1173 3533; x_wconf 84' lang='lat'>54.</span> <span class='ocrx_word' id='word_1_236' title='bbox 1196 3488 1227 3549; x_wconf 90' lang='lat' dir='ltr'>p.</span> 
     </span>
     <span class='ocr_line' id='line_1_31' title="bbox 161 3569 1229 3651; baseline -0.001 -16"><span class='ocrx_word' id='word_1_237' title='bbox 161 3570 234 3635; x_wconf 82' lang='lat' dir='ltr'>Chr.</span> <span class='ocrx_word' id='word_1_238' title='bbox 257 3589 287 3635; x_wconf 94' lang='lat' dir='ltr'>n.</span> <span class='ocrx_word' id='word_1_239' title='bbox 311 3579 344 3634; x_wconf 87' lang='lat' dir='ltr'>et</span> <span class='ocrx_word' id='word_1_240' title='bbox 365 3590 483 3636; x_wconf 90' lang='lat' dir='ltr'>annum</span> <span class='ocrx_word' id='word_1_241' title='bbox 506 3578 555 3635; x_wconf 84' lang='lat'>58.</span> <span class='ocrx_word' id='word_1_242' title='bbox 600 3571 644 3634; x_wconf 88' lang='lat' dir='ltr'>Et</span> <span class='ocrx_word' id='word_1_243' title='bbox 657 3569 752 3635; x_wconf 91' lang='lat' dir='ltr'>Plinii</span> <span class='ocrx_word' id='word_1_244' title='bbox 773 3569 916 3635; x_wconf 91' lang='lat' dir='ltr'>nonnulli</span> <span class='ocrx_word' id='word_1_245' title='bbox 936 3569 998 3634; x_wconf 92' lang='lat' dir='ltr'>loci</span> <span class='ocrx_word' id='word_1_246' title='bbox 1019 3570 1159 3651; x_wconf 89' lang='lat' dir='ltr'>aliquam</span> <span class='ocrx_word' id='word_1_247' title='bbox 1177 3570 1229 3634; x_wconf 92' lang='lat' dir='ltr'>hic</span> 
     </span>
     <span class='ocr_line' id='line_1_32' title="bbox 160 3671 1228 3758; baseline 0.004 -20"><span class='ocrx_word' id='word_1_248' title='bbox 160 3673 296 3738; x_wconf 84' lang='lat' dir='ltr'>aderunt</span> <span class='ocrx_word' id='word_1_249' title='bbox 316 3671 434 3750; x_wconf 89' lang='lat' dir='ltr'>lucem;</span> <span class='ocrx_word' id='word_1_250' title='bbox 464 3673 493 3737; x_wconf 93' lang='lat' dir='ltr'>is</span> <span class='ocrx_word' id='word_1_251' title='bbox 507 3675 590 3737; x_wconf 91' lang='lat' dir='ltr'>enim</span> <span class='ocrx_word' id='word_1_252' title='bbox 610 3673 642 3737; x_wconf 93' lang='lat' dir='ltr'>in</span> <span class='ocrx_word' id='word_1_253' title='bbox 657 3693 728 3757; x_wconf 85' lang='lat' dir='ltr'>epp.</span> <span class='ocrx_word' id='word_1_254' title='bbox 751 3674 823 3740; x_wconf 90' lang='lat' dir='ltr'>VII.</span> <span class='ocrx_word' id='word_1_255' title='bbox 849 3683 897 3740; x_wconf 82' lang='lat'>20.</span> <span class='ocrx_word' id='word_1_256' title='bbox 921 3677 969 3758; x_wconf 58' lang='grc' dir='ltr'>ἕξ.</span> <span class='ocrx_word' id='word_1_257' title='bbox 988 3683 1017 3740; x_wconf 88' lang='lat'>3.</span> <span class='ocrx_word' id='word_1_258' title='bbox 1041 3682 1070 3740; x_wconf 85' lang='grc'>4.</span> <span class='ocrx_word' id='word_1_259' title='bbox 1094 3676 1141 3740; x_wconf 89' lang='lat' dir='ltr'>ita</span> <span class='ocrx_word' id='word_1_260' title='bbox 1162 3677 1228 3758; x_wconf 89' lang='lat' dir='ltr'>sig-</span> 
     </span>
     <span class='ocr_line' id='line_1_33' title="bbox 160 3774 1226 3860; baseline 0.004 -20"><span class='ocrx_word' id='word_1_261' title='bbox 160 3774 269 3841; x_wconf 86' lang='lat' dir='ltr'>nificat</span> <span class='ocrx_word' id='word_1_262' title='bbox 300 3794 390 3841; x_wconf 87' lang='lat' dir='ltr'>suam</span> <span class='ocrx_word' id='word_1_263' title='bbox 426 3780 565 3841; x_wconf 88' lang='lat' dir='ltr'>aetatem</span> <span class='ocrx_word' id='word_1_264' title='bbox 603 3796 674 3842; x_wconf 92' lang='lat' dir='ltr'>cum</span> <span class='ocrx_word' id='word_1_265' title='bbox 707 3777 812 3843; x_wconf 89' lang='lat' dir='ltr'>Taciti</span> <span class='ocrx_word' id='word_1_266' title='bbox 847 3783 953 3843; x_wconf 90' lang='lat' dir='ltr'>aetate</span> <span class='ocrx_word' id='word_1_267' title='bbox 990 3783 1226 3860; x_wconf 91' lang='lat' dir='ltr'>comparatam:</span> 
     </span>
     <span class='ocr_line' id='line_1_34' title="bbox 159 3880 1227 3966; baseline 0.005 -24"><span class='ocrx_word' id='word_1_268' title='bbox 159 3880 245 3958; x_wconf 82' lang='lat' dir='ltr'>„erit</span> <span class='ocrx_word' id='word_1_269' title='bbox 266 3898 380 3944; x_wconf 84' lang='lat' dir='ltr'>rorum</span> <span class='ocrx_word' id='word_1_270' title='bbox 402 3887 434 3942; x_wconf 88' lang='grc'>01</span> <span class='ocrx_word' id='word_1_271' title='bbox 455 3880 581 3962; x_wconf 72' lang='lat' dir='ltr'>iusque</span> <span class='ocrx_word' id='word_1_272' title='bbox 601 3881 686 3945; x_wconf 81' lang='lat' dir='ltr'>duos</span> <span class='ocrx_word' id='word_1_273' title='bbox 708 3883 851 3946; x_wconf 72' lang='lat' dir='ltr'>leomines</span> <span class='ocrx_word' id='word_1_274' title='bbox 866 3892 975 3948; x_wconf 83' lang='grc'>001010</span> <span class='ocrx_word' id='word_1_275' title='bbox 989 3883 1227 3966; x_wconf 84' lang='lat' dir='ltr'>propemodum</span> 
     </span>
     <span class='ocr_line' id='line_1_35' title="bbox 159 3983 1226 4068; baseline 0.004 -24"><span class='ocrx_word' id='word_1_276' title='bbox 159 3983 314 4067; x_wconf 78' lang='lat' dir='ltr'>aequales</span> <span class='ocrx_word' id='word_1_277' title='bbox 343 3983 528 4046; x_wconf 80' lang='lat' dir='ltr'>nonnullius</span> <span class='ocrx_word' id='word_1_278' title='bbox 557 3985 590 4046; x_wconf 85' lang='lat' dir='ltr'>in</span> <span class='ocrx_word' id='word_1_279' title='bbox 620 3985 740 4048; x_wconf 78' lang='lat' dir='ltr'>litteris</span> <span class='ocrx_word' id='word_1_280' title='bbox 772 3987 910 4049; x_wconf 78' lang='lat' dir='ltr'>nominis</span> <span class='ocrx_word' id='word_1_281' title='bbox 937 3985 1059 4068; x_wconf 72' lang='lat' dir='ltr'>(cogor</span> <span class='ocrx_word' id='word_1_282' title='bbox 1080 3987 1162 4049; x_wconf 86' lang='lat' dir='ltr'>enim</span> <span class='ocrx_word' id='word_1_283' title='bbox 1186 3985 1226 4048; x_wconf 84' lang='lat' dir='ltr'>de</span> 
     </span>
     <span class='ocr_line' id='line_1_36' title="bbox 159 4085 1226 4173; baseline 0.004 -27"><span class='ocrx_word' id='word_1_284' title='bbox 159 4091 190 4147; x_wconf 86' lang='grc'>10</span> <span class='ocrx_word' id='word_1_285' title='bbox 211 4103 336 4170; x_wconf 83' lang='lat' dir='ltr'>quoque</span> <span class='ocrx_word' id='word_1_286' title='bbox 348 4086 486 4166; x_wconf 79' lang='lat' dir='ltr'>puncius</span> <span class='ocrx_word' id='word_1_287' title='bbox 502 4085 622 4162; x_wconf 82' lang='lat' dir='ltr'>dicere,</span> <span class='ocrx_word' id='word_1_288' title='bbox 647 4089 725 4173; x_wconf 83' lang='lat' dir='ltr'>quin</span> <span class='ocrx_word' id='word_1_289' title='bbox 739 4087 781 4150; x_wconf 87' lang='lat' dir='ltr'>de</span> <span class='ocrx_word' id='word_1_290' title='bbox 803 4109 850 4151; x_wconf 87' lang='lat' dir='ltr'>me</span> <span class='ocrx_word' id='word_1_291' title='bbox 864 4089 962 4151; x_wconf 82' lang='lat' dir='ltr'>simul</span> <span class='ocrx_word' id='word_1_292' title='bbox 976 4087 1068 4169; x_wconf 87' lang='lat' dir='ltr'>dico)</span> <span class='ocrx_word' id='word_1_293' title='bbox 1088 4089 1226 4151; x_wconf 85' lang='lat' dir='ltr'>alterum</span> 
     </span>
     <span class='ocr_line' id='line_1_37' title="bbox 159 4185 1225 4276; baseline 0.005 -29"><span class='ocrx_word' id='word_1_294' title='bbox 159 4186 296 4250; x_wconf 73' lang='lat' dir='ltr'>ulterius</span> <span class='ocrx_word' id='word_1_295' title='bbox 321 4186 433 4250; x_wconf 79' lang='lat' dir='ltr'>eludia</span> <span class='ocrx_word' id='word_1_296' title='bbox 461 4185 597 4270; x_wconf 74' lang='lat' dir='ltr'>fouisse.</span> <span class='ocrx_word' id='word_1_297' title='bbox 655 4189 809 4276; x_wconf 82' lang='lat' dir='ltr'>Equidem</span> <span class='ocrx_word' id='word_1_298' title='bbox 845 4190 1120 4265; x_wconf 76' lang='lat' dir='ltr'>adolescentulae,</span> <span class='ocrx_word' id='word_1_299' title='bbox 1156 4210 1225 4252; x_wconf 84' lang='lat' dir='ltr'>cunr</span> 
     </span>
     <span class='ocr_line' id='line_1_38' title="bbox 158 4287 1226 4379; baseline 0.004 -28"><span class='ocrx_word' id='word_1_300' title='bbox 158 4290 222 4352; x_wconf 80' lang='lat' dir='ltr'>tan</span> <span class='ocrx_word' id='word_1_301' title='bbox 250 4298 285 4353; x_wconf 84' lang='lat' dir='ltr'>tu</span> <span class='ocrx_word' id='word_1_302' title='bbox 308 4287 403 4372; x_wconf 77' lang='lat' dir='ltr'>suurn</span> <span class='ocrx_word' id='word_1_303' title='bbox 421 4292 593 4377; x_wconf 67' lang='lat' dir='ltr'>gloriaque</span> <span class='ocrx_word' id='word_1_304' title='bbox 612 4288 763 4374; x_wconf 79' lang='lat' dir='ltr'>floreres,</span> <span class='ocrx_word' id='word_1_305' title='bbox 789 4301 818 4355; x_wconf 87' lang='grc'>10</span> <span class='ocrx_word' id='word_1_306' title='bbox 840 4295 943 4379; x_wconf 76' lang='lat' dir='ltr'>sepeli,</span> <span class='ocrx_word' id='word_1_307' title='bbox 968 4292 1024 4356; x_wconf 82' lang='lat' dir='ltr'>tibi</span> <span class='ocrx_word' id='word_1_308' title='bbox 1045 4294 1144 4375; x_wconf 71' lang='lat' dir='ltr'>longo</span> <span class='ocrx_word' id='word_1_309' title='bbox 1166 4291 1226 4355; x_wconf 80' lang='lat' dir='ltr'>sed</span> 
     </span>
    </p>
   </div>
   <div class='ocr_carea' id='block_1_3' title="bbox 0 0 1550 4928">
    <p class='ocr_par' dir='ltr' id='par_1_4' title="bbox 0 0 1550 4928">
     <span class='ocr_line' id='line_1_39' title="bbox 0 0 1550 4928; baseline 0 5"><span class='ocrx_word' id='word_1_310' title='bbox 0 0 1550 4928; x_wconf 95' lang='lat' dir='ltr'> </span> 
     </span>
    </p>
   </div>
  </div>
 </body>
</html>
