3092 4928
1183 421 1226 490 17

160 643 208 698 10.
234 641 281 696 11.
305 650 407 714 paene
430 630 556 712 integra
578 628 838 709 transscripsit.¹)
883 625 1016 690 Praeter
1037 625 1097 690 hoc
1127 624 1229 690 solum

157 736 327 818 vestigium
349 754 410 816 per·
429 738 532 799 totum
555 750 668 796 aevum
698 729 838 794 medium
866 728 952 792 nulla
977 729 1105 794 omnino
1127 727 1230 792 Taciti

156 839 273 904 notitia
294 836 497 918 invenitur.²)
542 835 656 916 Itaque
679 834 706 898 si
732 833 765 897 in
792 831 980 912 archetypo.
995 836 1051 895 aut
1078 830 1110 895 in
1140 829 1230 896 libris

158 940 381 1021 transscriptis
403 937 552 1002 librarius
575 937 689 1018 aliquis
711 936 753 998 ad
779 934 1090 999 suamvoluntatem
1119 937 1152 996 et
1178 952 1229 996 ar-

155 1044 289 1109 bitrium
326 1041 466 1107 auctoris
503 1059 618 1105 nomen
641 1038 768 1118 dialogo
800 1037 1049 1118 praeposuisset,
1086 1036 1229 1118 quemvis

157 1145 254 1210 alium
278 1145 466 1226 scriptorem
482 1147 593 1207 notum
610 1141 769 1222 elegisset,
793 1145 879 1205 certe
901 1159 964 1203 non
987 1127 1142 1218 Tacitum,
1175 1139 1231 1220 qui

157 1253 225 1312 tum
249 1253 318 1311 erat
347 1245 487 1310 omnium
517 1244 708 1324 scriptorum
735 1243 865 1307 minime
893 1247 997 1307 notus.
1022 1237 1023 1241 ’
1048 1243 1097 1306 Ex
1126 1242 1230 1324 prima

156 1349 347 1432 antiquitate
369 1349 442 1412 idco
463 1346 588 1412 libellus
610 1351 719 1410 noster
741 1345 800 1410 sub
822 1344 950 1421 nomine
965 1343 1069 1408 Taciti
1089 1345 1230 1409 traditus

156 1456 206 1517 est
234 1469 337 1532 neque
369 1449 435 1514 ulla
462 1449 501 1514 ab
529 1449 620 1513 initio
648 1451 698 1515 est
727 1465 824 1512 causa
858 1447 898 1510 dc
934 1445 1088 1510 librorum
1117 1466 1229 1512 manu-

157 1554 349 1635 scriptorum
371 1551 435 1616 fidc
457 1549 634 1615 dubitandi.

242 1655 304 1732 Qui
324 1637 400 1718 vero
421 1651 467 1732 fit,
491 1654 523 1718 in
546 1651 737 1718 contrariam
759 1655 885 1731 partem
900 1651 1004 1730 possis
1019 1650 1170 1732 proferre,
1193 1656 1230 1716 ut

157 1778 196 1824 ne
218 1777 300 1822 unus
324 1757 453 1839 quidem
475 1759 587 1822 auctor
608 1755 758 1836 antiquus
780 1753 865 1817 illius
887 1752 990 1818 Taciti
1016 1753 1114 1818 libelli
1141 1773 1231 1820 men·

157 1861 278 1924 tionem
307 1859 404 1924 faciat
431 1877 567 1940 eumque
596 1858 733 1938 tangat?
775 1857 886 1938 Neque
919 1861 1027 1922 tamen
1058 1857 1230 1940 quidquam

156 1963 217 2027 hoc
231 1961 309 2026 vult.
353 1961 436 2024 Nam
451 1960 612 2042 permulta
633 1964 762 2024 exstant
777 1960 897 2040 scripta
911 1960 1125 2041 antiquorum,
1149 1980 1230 2042 quae

157 2083 313 2146 nusquam
336 2063 375 2127 ab
399 2063 480 2140 aliis,
504 2083 544 2129 ne
573 2063 614 2127 ab
637 2064 823 2147 aequalibus
852 2066 980 2146 quidem
1002 2071 1230 2144 memorantur,

157 2184 239 2248 quae
261 2171 368 2230 tamen
390 2166 428 2231 ab
451 2167 491 2230 iis
513 2167 555 2230 ad
576 2187 655 2249 quos
677 2167 867 2246 referuntur,
891 2187 954 2232 non
969 2188 1039 2234 esse
1055 2170 1231 2252 composita

157 2287 251 2333 nemo
277 2273 381 2349 putat.
425 2269 569 2347 Accedit,
607 2271 692 2352 quod
722 2270 921 2353 eloquentiae
950 2271 1102 2335 studiosis
1128 2271 1231 2336 Taciti

157 2373 283 2438 libellus
305 2391 369 2437 non
401 2373 485 2442 tanti
506 2373 593 2439 risus
627 2380 676 2439 est
707 2373 862 2438 momenti
899 2372 1010 2454 quanti
1043 2373 1231 2450 Quintiliani

158 2475 355 2557 aliorumque
384 2474 559 2542 rhetorices
585 2482 828 2558 praeceptorum
856 2473 991 2556 scripta;
1022 2476 1115 2541 etin
1143 2477 1230 2558 cyclo

156 2597 289 2660 operum
312 2577 514 2642 Taciteorum
538 2579 683 2660 dialogus
705 2580 774 2661 ipse
796 2597 854 2660 pro
874 2579 1057 2660 argumenti
1072 2580 1230 2661 gravitate

157 2679 339 2746 inferiorem
362 2680 466 2744 locum
488 2680 620 2746 obtinet.
664 2683 769 2764 Atque
792 2688 850 2760 est,
880 2682 908 2746 si
929 2682 987 2760 vis,
1010 2682 1075 2746 tale
1098 2684 1138 2746 de
1160 2683 1229 2746 dia-

158 2783 230 2864 logo
270 2783 490 2848 testimonium
530 2784 626 2866 idque
668 2785 925 2866 antiquissimum
966 2785 1053 2864 apud
1092 2784 1229 2849 Plinium

157 2886 322 2975 minorem,
344 2885 399 2966 qui
420 2886 453 2949 in
476 2886 614 2966 epistula
635 2886 688 2951 lib.
711 2887 766 2950 IX.
784 2887 908 2952 decima
926 2887 969 2950 ad
984 2886 1129 2951 Tacitum
1150 2887 1230 2952 haec

158 2987 283 3074 scribit:
317 2988 505 3063 „Pacatula
527 2990 707 3074 quiescant,
731 3011 813 3074 qaae
837 2999 871 3054 lu
893 2993 995 3054 tuter·
1016 3010 1172 3054 acmora
1195 2999 1230 3054 ct

159 3092 273 3154 lacos
296 3091 551 3154 remaledicendo
569 3092 687 3176 perfici
699 3088 836 3175 palor&
867 3092 968 3169 Quem
983 3093 1088 3158 locum
1103 3093 1229 3166 omnino

159 3190 340 3257 consentire
363 3209 435 3254 cum
465 3192 569 3257 Taciti
590 3195 751 3258 sententia
772 3197 804 3260 in
828 3195 901 3260 dial.
930 3214 956 3260 c.
980 3203 1008 3258 9.
1033 3199 1066 3258 et
1090 3202 1138 3259 12.
1154 3214 1230 3275 pro-

158 3295 309 3359 nunciata
330 3299 426 3376 atque
449 3299 560 3376 aperte
589 3297 632 3359 ad
661 3298 822 3378 dialogum
856 3298 1016 3379 respicere
1046 3296 1230 3361 acutissime

158 3396 281 3477 primus
313 3396 463 3477 cognorit
498 3397 536 3460 A.
571 3395 608 3462 G.
632 3397 803 3482 Largium)
841 3404 874 3464 et
907 3398 1081 3464 secundum
1115 3417 1230 3463 euma

245 3569 267 3628 ¹)
287 3563 381 3618 Perta.
400 3563 421 3617 l.
440 3564 459 3619 l.
479 3563 520 3620 Il.
545 3581 573 3634 p.
592 3567 652 3622 675.
677 3568 805 3623 translat.
834 3567 931 3622 Sancti
952 3567 1108 3623 Alexandri
1139 3585 1163 3622 c.
1186 3569 1228 3636 23

159 3649 188 3706 in
204 3649 356 3704 Massmani
374 3648 437 3704 Tac.
457 3650 549 3705 Germ.
570 3650 692 3706 editione
710 3669 735 3721 p.
754 3653 812 3707 224.
830 3667 889 3720 sqq.

242 3737 269 3804 ²)
287 3735 350 3790 Non
374 3749 487 3802 possum
512 3736 647 3790 Oelsnero
670 3736 700 3790 in
728 3737 928 3810 ,jabrbe'lcbcr
960 3739 1013 3792 der
1040 3737 1230 3802 stainkirchen

158 3821 293 3876 reicher“
315 3837 341 3888 p.
361 3823 417 3876 175.
429 3821 571 3890 assentiri,
592 3821 640 3888 qui
658 3821 688 3876 in
700 3822 821 3890 epistula
836 3821 974 3877 Bonifatii
990 3822 1088 3888 (Jaffe,
1107 3837 1227 3876 monum.

159 3905 326 3974 Moguntinc
342 3922 368 3974 p.
387 3906 537 3961 tta-47.
557 3921 600 3974 ep.
618 3907 677 3974 59.)
694 3907 846 3977 vestigium
863 3907 976 3974 aliquod
989 3907 1081 3963 Taciti
1093 3906 1230 3976 intelligit

159 4006 277 4057 eumque
295 3992 385 4047 locum
412 3992 447 4046 ad
473 3991 537 4046 Tac.
566 3992 658 4047 Germ.
681 4009 703 4047 c.
723 3995 762 4048 19.
788 3992 928 4061 respicere
953 3993 1115 4048 arbitratur.
1159 3991 1229 4045 Nam

160 4090 230 4142 quae
249 4075 289 4130 ibi
308 4093 324 4130 a
341 4076 486 4132 Bonifatio
505 4077 539 4130 de
565 4077 688 4132 moribus
715 4082 842 4133 veterum
869 4078 1008 4132 Saxonum
1034 4077 1063 4132 in
1089 4076 1228 4132 adulterio

160 4159 298 4226 puniendo
318 4160 451 4217 adhibitis
469 4166 627 4231 narrantur,
647 4163 768 4219 aTaciti
781 4153 965 4231 explicatione
979 4162 1058 4218 valde
1070 4162 1228 4216 abhorrent.

209 4293 211 4298 .
246 4247 272 4314 ³)
288 4245 322 4300 In
345 4245 445 4302 Beckii
465 4247 536 4303 actis
559 4249 685 4304 seminar.
708 4265 767 4318 reg.
792 4251 822 4301 et
845 4249 940 4302 societ.
959 4247 1092 4316 philolog.
1109 4247 1188 4316 Lips.
1206 4247 1228 4300 I.

160 4346 186 4397 p.
205 4332 247 4386 m.
268 4347 307 4400 sq.
