3092 4928
293 319 343 449 3¹8

292 585 378 648 11111
399 605 510 664 sonus
534 585 603 650 ntia
626 588 837 650 constructio.
883 585 971 649 Nam
997 587 1169 668 plurimum
1192 583 1306 668 refert,
1329 595 1372 650 ut
1408 631 1412 638 -

297 685 502 771 Thucydides
530 689 588 765 uit,
612 689 721 770 κτῆμα
742 688 785 750 sii
809 683 1053 772 andrunnun:
1074 708 1213 774 qnorum
1228 690 1371 754 alierum

291 791 412 868 oratio,
435 791 574 854 alterurn
596 788 737 853 historia
759 790 838 852 est“.

375 916 495 982 Tamen
523 919 582 984 has
610 920 690 983 duas
712 935 791 1001 quas
813 895 1004 998 protulimus
1027 935 1141 983 causas
1163 919 1206 982 ad
1228 916 1294 983 stili
1316 917 1370 982 di-

289 1020 476 1085 versitatem
504 1021 610 1103 aliquo
637 1021 732 1085 modo
760 1019 981 1101 explicandam
1009 1019 1141 1086 idoneas
1163 1038 1227 1084 uon
1248 1019 1370 1101 accipit

288 1120 418 1202 Lipsius
445 1140 562 1204 easque
591 1120 737 1198 refellere
766 1127 900 1187 conatur
928 1122 1092 1194 Ciceronis
1124 1122 1303 1204 exemplum
1332 1122 1369 1187 in

290 1223 561 1304 comparationem
588 1242 722 1302 vacans3
751 1223 830 1289 dicit
858 1223 957 1290 emm:
985 1244 1179 1310 „numquam
1202 1220 1310 1307 [stitus
1331 1225 1368 1288 tn

290 1334 398 1392 aetate
421 1337 478 1392 ant
500 1337 691 1412 arpunnento
707 1329 755 1391 iio
770 1328 891 1392 mutari
901 1324 1037 1411 potasti,
1060 1335 1096 1390 ut
1111 1325 1209 1392 abeat
1220 1345 1369 1409 prorsus

290 1448 312 1491 a
332 1447 415 1492 eece.
465 1428 633 1516 Quidquid
657 1429 773 1495 Cicero
796 1430 943 1512 scripsit,
968 1447 1076 1506 senen,
1100 1430 1236 1506 iuuenis,
1255 1427 1367 1511 pbilo-

289 1533 405 1615 topum,
438 1531 679 1616 philosophum,
713 1535 746 1596 iu
777 1533 819 1610 iis
850 1539 955 1596 tanuen
986 1532 1180 1596 lineamenta
1201 1528 1367 1616 quaedum

289 1643 456 1716 apparent
481 1635 623 1700 eiusdem
645 1637 712 1700 otri
733 1643 765 1714 et
779 1635 920 1698 outnu‘t
960 1631 1023 1698 Sed
1037 1637 1262 1715 praeterquam
1278 1631 1367 1714 quad

263 1744 266 1750 “
289 1734 401 1800 Cicero
423 1754 595 1818 numquam
617 1737 651 1800 in
674 1754 791 1817 genere
812 1735 965 1801 historico
987 1740 1135 1801 versatus
1150 1741 1210 1814 est,
1232 1732 1366 1798 minime

288 1835 418 1902 difficile
440 1842 489 1902 est
512 1838 555 1902 ad
575 1837 817 1919 intelligendum
831 1838 914 1904 hanc
929 1837 1199 1920 comparationem
1213 1855 1277 1901 non
1292 1853 1363 1900 esse

288 1938 415 2004 iustam.
459 1938 542 2003 Nam
565 1939 677 2006 Cicera
697 1947 810 2006 auctor
832 1945 882 2006 est
904 1959 1000 2006 sanae
1015 1940 1144 2023 quidem
1159 1943 1193 2003 et
1206 1939 1362 2020 ingenuae

289 2039 406 2105 mentis
433 2039 705 2134 intelligentisque
727 2043 848 2124 iudicii,
872 2044 929 2109 sed
956 2042 1023 2108 sine
1044 2042 1176 2124 propria
1197 2045 1230 2106 et
1253 2041 1361 2121 singu-

288 2139 347 2204 lari
378 2141 499 2222 ingenii
530 2141 643 2220 forma,
678 2163 740 2226 quo
769 2143 816 2224 fit,
846 2149 884 2210 ut
915 2144 1011 2210 etiam
1038 2145 1131 2210 stilus
1153 2143 1221 2208 eius
1242 2141 1363 2206 nullam

239 2263 246 2276 ·
289 2240 435 2308 exhibeat
456 2245 687 2326 proprietatem
710 2246 750 2312 ab
770 2247 843 2312 aliis
865 2248 999 2312 eandem
1020 2246 1178 2311 rationem
1199 2244 1364 2310 1111111-

287 2348 389 2410 tatem
410 2346 617 2428 sequentibus
638 2349 689 2412 vel
710 2368 844 2429 prorsus
865 2351 1067 2415 recedentem
1088 2365 1191 2429 neque
1212 2365 1365 2428 umquam

286 2465 344 2527 per
367 2451 468 2512 totam
491 2453 630 2514 aetatem
653 2450 816 2532 aliquanta
832 2450 1021 2516 immutatus
1037 2449 1087 2514 sit.
1126 2449 1170 2513 Et
1184 2453 1271 2515 recte
1287 2447 1362 2513 0111.

288 2548 424 2614 Garvius
439 2549 562 2634 dicitu)
586 2573 674 2631 „uer
690 2553 771 2618 atne
787 2555 851 2617 otte
866 2552 1068 2636 affectatiou
1091 2552 1264 2629 natitrtn'cb,
1287 2551 1364 2615 tint·
1399 2590 1402 2594 -

281 2644 1365 2736 ‚undfliessendscbneibtuindicauercicenonianiscbsclrr·eiben“.

289 2753 419 2820 Tacitus
440 2774 526 2834 vero,
550 2757 605 2838 qui
627 2761 719 2822 tauta
739 2757 861 2840 ingenii
885 2757 1092 2840 proprietate,
1120 2760 1212 2820 tanta
1236 2753 1364 2820 arbitrii

286 2855 436 2922 libertate
469 2863 529 2936 est,
562 2863 600 2922 ut
632 2859 773 2924 amnium
806 2860 873 2927 fere
905 2858 1086 2942 1111111111
1118 2856 1287 2940 insiguiter
1320 2857 1363 2923 sit

168 2949 173 2957 '
286 2958 460 3036 dissimilis,
490 2966 524 3025 et
552 2960 584 3025 in
615 2965 722 3026 aetate
752 2968 785 3026 et
806 2981 867 3043 pra
889 2959 1071 3042 argumenti
1092 2959 1224 3024 tractati
1246 2951 1367 3040 genere

287 3059 446 3126 scribendi
468 3061 626 3126 rationem
649 3063 819 3128 immutare
841 3062 948 3143 potuit
970 3066 1003 3126 et
1019 3061 1210 3126 immutavit.
1256 3062 1362 3144 Atque

285 3163 414 3244 Lipsius
442 3163 521 3254 ipse
537 3164 631 3229 testis
657 3170 708 3230 est
734 3164 853 3244 stilum,
883 3164 1004 3246 ingenii
1025 3163 1113 3229 velut
1134 3161 1306 3244 imaginem
1329 3167 1363 3226 et

286 3265 467 3347 vestigium,
490 3266 523 3330 in
545 3270 672 3348 tempus
693 3268 821 3333 mutari.
865 3267 1040 3332 Morhofius
1062 3266 1147 3331 euim
1166 3266 1213 3330 ita
1227 3265 1307 3330 dicit
1322 3266 1362 3330 de

285 3367 442 3450 Lipsi0:²)
480 3369 705 3447 „ueimmenten
734 3361 845 3435 seuen'
861 3392 883 3434 u
915 3373 1031 3435 iuuene
1064 3370 1250 3451 discrepat·
1292 3387 1362 3433 curn

286 3473 368 3534 enim
390 3455 431 3534 in
445 3471 610 3535 iuuentute
625 3491 688 3535 sua
705 3471 956 3539 Ciceronianam
971 3473 1143 3537 dictionem
1158 3479 1360 3556 sequeretur,

286 3571 521 3638 maturioribus
553 3575 650 3637 annis
674 3590 780 3657 paene
809 3595 928 3641 nouum
951 3575 1153 3661 eloquentiae
1173 3592 1277 3658 penus
1300 3572 1362 3638 sibi

283 3677 408 3762 finuit“.
1141 3693 1143 3698 ·

287 3901 491 3909 ——--—

374 4024 398 4088 1)
433 4022 462 4078 11
486 4023 672 4093 praefatione,
692 4040 762 4092 quae
782 4023 927 4080 Ciceronis
946 4025 980 4079 ie
1000 4005 1099 4079 officiis
1117 4023 1253 4078 librorum
1271 4027 1361 4079 tranu-

285 4109 388 4165 lationi
404 4110 570 4164 remaculae
588 4110 632 4165 ed.
651 4109 692 4166 H.
711 4127 737 4165 a.
757 4111 833 4167 1801.
853 4110 1056 4180 praemittitur,
1076 4127 1102 4178 p.
1120 4109 1214 4166 XXV.
1235 4108 1271 4164 ci.
1291 4109 1360 4164 ibid.

286 4213 314 4266 ρ’
334 4195 614 4350 xpsiffiqpnyuuor.
633 4278 659 4333 1.
678 4280 721 4335 24.
741 4297 769 4352 p.
787 4283 849 4338 nes.
868 4281 942 4337 111.
962 4281 1038 4336 uu.
