3092 4928
1262 351 1281 416 7

212 547 340 627 Lipsius
376 548 409 612 in
443 547 642 629 praefatione
673 547 796 628 primae
827 548 947 630 dialogi
973 549 1134 626 editionis,
1157 569 1239 632 quae
1258 569 1286 614 a.

215 655 305 713 1574.
319 649 440 731 prodiit
454 669 527 714 cum
542 651 602 714 hac
618 649 842 730 insrciptione:
859 697 884 725 „
898 650 1006 713 Fabii
1025 649 1288 728 Quintiliani
1307 673 1310 680 ·

211 759 246 812 nt
276 752 408 814 uidetur
434 752 586 834 diutopus
614 756 658 813 on
684 752 738 813 sui·
761 753 887 814 coeunti
911 760 1065 814 oratores
1090 754 1234 837 antiquis
1256 761 1287 815 et

210 873 275 936 quu
297 872 334 916 re
357 853 551 927 concedunt,
577 851 731 915 Cornelio
760 851 875 916 Tacito
897 849 1054 933 Ῐαὶεοκ
1077 853 1124 932 (in
1146 854 1285 932 posteri-

209 952 318 1018 oribus
352 952 546 1018 editionibus
577 956 786 1036 „oulpo“)
819 957 1065 1036 „inscr·iptuc“.
1114 955 1285 1020 Librorum
1356 959 1377 1003 Ἀ

209 1055 502 1147 manuscriptorum
526 1055 755 1119 auctoritatem
777 1056 837 1119 hac
860 1056 892 1120 in
915 1075 951 1120 re
978 1073 1110 1136 prorsus
1133 1057 1284 1137 negligit:

209 1158 437 1238 ‚‚errernplur·iu
453 1159 602 1231 omniu,“
618 1156 731 1238 inquit,
755 1156 904 1232 „Tacito
921 1159 1088 1242 citatoque
1104 1159 1284 1231 adserunt,-

210 1257 288 1346 qur‘d
318 1249 396 1321 itta?
429 1261 486 1320 circ
513 1257 590 1321 trinu
620 1267 679 1320 utu
709 1267 804 1320 ternu
833 1260 933 1322 credo
961 1280 1002 1322 eu
1032 1279 1103 1322 esse
1133 1261 1166 1322 in
1198 1261 1286 1322 omni

211 1359 360 1440 Europa,
383 1380 467 1444 quoe
490 1367 555 1422 tum
575 1355 678 1442 focile
694 1367 727 1422 et
746 1379 889 1442 pronum
912 1370 962 1424 est
978 1361 1030 1424 bic
1044 1363 1173 1424 mentiri
1188 1383 1285 1446 quum

207 1463 240 1524 in
263 1461 338 1522 otiis
361 1459 454 1524 tibris
474 1467 613 1542 suepe“.
658 1458 727 1535 Quo
749 1467 939 1540 argumento
961 1481 1039 1526 usus
1066 1459 1133 1524 fere
1154 1461 1283 1526 univer-

208 1579 277 1624 sam
317 1561 519 1644 antiquitatis
559 1560 767 1624 traditionem
809 1560 902 1627 facile
942 1557 1049 1645 possis
1085 1562 1280 1628 subvertere.

207 1663 309 1744 Lipsii
343 1663 495 1731 iudicium
526 1664 628 1729 secuti
655 1663 807 1744 permulti
840 1665 956 1728 deinde
989 1664 1193 1740 exstiterunt,
1228 1666 1310 1747 qui·

207 1765 438 1840 Quintilianum
454 1773 618 1830 auctorem
634 1784 705 1831 esse
721 1768 957 1832 contenderunt
973 1768 1122 1848 (quorum
1139 1767 1282 1831 nonnulli

208 1867 306 1931 etiam
329 1867 459 1932 titulum
475 1887 495 1932 a
509 1868 619 1949 Lipsio
641 1868 805 1933 inuentum
831 1871 1015 1950 servarunt)
1039 1868 1124 1950 iique
1144 1887 1281 1948 magnae

204 1968 289 2032 inter
303 1968 388 2034 viros
404 1970 515 2033 doctos
531 1968 653 2048 famae3
684 1989 722 2035 ex
745 1970 859 2052 quibus
875 1971 981 2051 placet
1001 1971 1147 2036 Curtium
1166 1969 1280 2034 Piche·

205 2089 289 2147 nam,
317 2069 447 2134 Gruteri
476 2070 605 2151 quidem
637 2070 755 2135 iudicio
780 2073 836 2152 (ad
860 2072 924 2137 Cic.
948 2071 1039 2136 Verr.
1063 2071 1102 2159 V.
1128 2072 1172 2152 7.)
1199 2092 1279 2146 „so-

204 2173 397 2253 spitatorem
430 2171 538 2234 Taciti
564 2181 642 2253 post
676 2173 821 2254 Lipsiurn
849 2177 944 2238 unico
976 2175 1080 2256 inopis
1109 2175 1280 2248 unicuru,“

204 2273 276 2337 Jan.
304 2273 488 2349 Gruterum,
526 2272 640 2336 Franc.
668 2273 822 2351 Modium,
862 2275 891 2338 J.
923 2273 961 2338 G.
986 2273 1168 2349 Graevium,
1206 2274 1278 2338 Jan.

204 2373 355 2451 Dousam,
378 2373 469 2437 Vina.
482 2373 652 2450 Plancium,
677 2373 796 2439 Christ.
810 2375 991 2454 Cellarium,
1016 2375 1133 2440 Christ.
1148 2373 1278 2438 Satrium

204 2475 391 2539 nominatim
413 2475 568 2556 afferre.¹)
613 2473 734 2538 Tamen
756 2475 802 2540 illi
824 2494 949 2558 quoque
972 2476 1035 2556 ipsi
1051 2494 1278 2556 nonnunquam

203 2577 236 2641 in
259 2576 462 2642 dubitatione
485 2576 591 2657 aliqua
611 2576 790 2666 haesitasse
812 2577 977 2655 videntum
1013 2577 1168 2642 Gellarius
1191 2584 1278 2640 certe

202 2699 267 2744 uno
294 2679 373 2756 loco,
401 2677 456 2742 ubi
482 2678 564 2743 hanc
587 2680 627 2743 de
650 2678 848 2756 Quintiliano
871 2678 1063 2759 sententiam
1086 2677 1278 2757 pronunciat

203 2781 258 2860 (ad
287 2779 367 2844 Plin.
396 2797 468 2861 epp.
496 2779 522 2844 I.
553 2786 580 2843 5.
613 2781 678 2862 8.):
713 2781 1008 2860 ‚,Qnintitinnu.r,“
1036 2780 1148 2861 inquit,
1177 2781 1278 2855 „oet

202 2883 380 2968 quisquis
409 2891 554 2946 unctor
580 2893 639 2946 est
669 2883 744 2946 iibri
777 2885 817 2947 de
855 2867 980 2946 causis
1002 2889 1182 2963 corruptae
1210 2883 1275 2944 eto·

202 2986 379 3068 qrrentiue‘·'
406 2988 466 3047 cet.
494 2983 636 3048 -Alia
663 2985 814 3050 nonnulla
843 2984 940 3049 istam
971 2982 1163 3048 sententiam
1186 2982 1275 3046 vide-

201 3085 318 3150 bantur
332 3084 531 3150 confirmare.
563 3086 778 3162 Quintilianus
793 3086 877 3151 enim
895 3084 1020 3149 duobus
1035 3085 1274 3148 institutionum

202 3187 413 3251 oratoriarum
441 3186 520 3250 locis
547 3187 663 3252 librum
690 3194 919 3253 commemorat
946 3207 966 3250 a
995 3205 1029 3250 se
1057 3186 1274 3265 conscriptum

200 3291 271 3365 „de
294 3292 404 3354 causis
428 3300 609 3372 corruptae
632 3290 912 3375 eloquentiue“:²)
942 3288 1016 3352 inst.
1040 3292 1119 3351 orat.
1142 3285 1196 3350 lib.
1218 3285 1272 3349 VI.

200 3409 340 3472 prooem.
358 3398 394 3454 3:
424 3411 525 3466 „narn
542 3393 588 3454 itu
601 3389 692 3473 forte
708 3393 844 3467 occidit,
867 3399 902 3454 nt
918 3411 987 3454 enm
1003 3410 1128 3476 quoqne
1145 3389 1272 3464 librum,

201 3514 291 3579 quern
314 3493 361 3556 de
384 3497 523 3557 causis
545 3503 779 3577 corruptae
801 3493 1066 3576 eloquentiae
1084 3493 1183 3568 ernist,
1208 3493 1273 3554 iuna

198 3595 345 3659 scribere
375 3614 554 3677 oppressus
583 3597 650 3660 ictu
679 3597 777 3660 siusili
803 3592 976 3678 serirer“,·
1007 3629 1048 3638 -
1076 3593 1157 3658 alter
1184 3594 1273 3656 locus

201 3818 402 3826 ...η-,υ-

285 3953 309 4017 ¹)
327 3949 364 4004 oi.
382 3949 528 4018 Eokstein,
547 3949 567 4004 l.
586 3950 605 4003 l.
625 3965 653 4018 p.
672 3950 716 4002 41.
735 3949 778 4003 53.
799 3963 858 4015 sqq.

282 4037 310 4101 ²)
328 4035 382 4089 Oui
404 4049 501 4089 verum
525 4033 607 4101 libro,
630 4033 659 4088 id
681 4031 755 4100 quod
776 4048 831 4087 non
856 4039 900 4086 est
922 4029 1114 4097 omittendum,
1134 4043 1271 4094 nusquam

200 4118 351 4191 ,utotwr‘
374 4118 488 4172 titulum
511 4117 598 4184 addit,
625 4117 672 4183 qui
697 4117 726 4170 in
752 4117 879 4172 omnibus
903 4118 962 4171 iere
980 4114 1071 4170 nostri
1089 4114 1179 4169 libelli
1198 4113 1269 4169 codi-

199 4205 277 4259 cibus
296 4203 495 4272 manuscriptis
514 4202 659 4272 appositus
678 4208 730 4257 est.
