3092 4928
727 1182 820 1234 Πάντα
839 1183 888 1253 γὰρ
907 1184 995 1248 σχεδὸν
1014 1181 1121 1253 εὕρηται
1138 1185 1192 1245 μὲν,

725 1265 794 1320 ἀλλὰ
812 1267 910 1326 τὰμὲν
928 1265 958 1318 οὗ
977 1271 1110 1334 συνῆκται,
1128 1273 1182 1324 τοῖς
1200 1264 1224 1318 δ’

725 1351 755 1404 οὗ
771 1358 886 1424 χρῶνται
904 1353 1074 1419 γινώσκοντες.

1053 1453 1237 1508 Aristoteles.

251 1639 405 1750 Omnium
435 1681 554 1762 ingenii
585 1687 874 1762 monumentorum,
904 1701 985 1764 quae
1015 1701 1053 1746 ex
1081 1685 1238 1762 argentea

165 1798 259 1860 quam
290 1781 400 1846 dicunt
430 1782 611 1847 litterarum
639 1801 846 1848 romanarum
876 1789 983 1849 aetate
1005 1784 1125 1848 nostris
1154 1789 1237 1847 tem·

164 1881 296 1961 poribus
315 1883 437 1952 tradita
459 1890 543 1961 sunt,
567 1885 643 1975 inde
664 1884 705 1948 ab
727 1886 931 1968 antiquitatis
946 1886 1063 1950 studiis
1084 1903 1239 1966 experge-

164 1983 259 2048 factis
295 1989 328 2048 et
361 1985 522 2050 restitutis
557 1985 680 2050 nullum
713 1987 780 2050 fere
814 1989 943 2069 saepius
976 2005 996 2050 a
1024 1987 1101 2051 uiris
1134 1986 1238 2050 doctis

164 2089 349 2163 tractatum,
372 2087 494 2151 nullum
517 2088 700 2153 accuratius
722 2089 941 2154 diversissima
963 2089 1088 2154 ratione
1110 2089 1239 2168 discep-

164 2192 268 2251 tatum
290 2194 323 2251 et
345 2189 537 2269 explicatum
557 2197 607 2254 est
622 2209 717 2272 quam
742 2191 898 2272 dialogus,
922 2191 976 2272 qui
999 2191 1039 2254 de
1057 2187 1238 2253 oratoribus

165 2287 358 2366 inscribitur,
390 2289 494 2355 Taciti
521 2291 642 2356 nomini
668 2293 764 2374 vulgo
791 2294 983 2375 adscriptus.
1028 2293 1075 2356 Ac
1100 2293 1141 2356 de
1163 2309 1237 2372 gra-

165 2392 266 2456 vitate
299 2393 406 2471 libelli,
441 2396 552 2476 quanti
582 2398 737 2461 momenti
766 2397 809 2462 sit
838 2399 1073 2477 argumentum,
1105 2394 1146 2458 de
1175 2410 1237 2474 quo

166 2492 360 2574 disputatur,
384 2498 462 2577 quot
484 2499 684 2580 quantaeque
708 2500 772 2564 sint
794 2497 950 2564 sermonis
972 2497 1119 2572 virtutes,
1143 2513 1237 2576 quam

164 2596 330 2676 praeclara
364 2596 431 2661 stili
459 2597 620 2678 elegantia
647 2600 710 2664 iam
746 2600 825 2665 nihil
858 2603 917 2678 est,
956 2599 1042 2680 quod
1070 2598 1102 2662 in
1141 2595 1238 2660 dubio

165 2703 312 2777 ponatur.
356 2697 439 2764 Nam
466 2700 593 2765 etiamsi
614 2703 758 2767 nonnulli
778 2702 840 2767 viri
860 2701 958 2779 docti,
981 2700 1014 2765 in
1037 2699 1152 2782 quibus
1174 2717 1237 2762 non

166 2797 323 2878 ignobiles
351 2799 522 2865 Ernestius
551 2809 585 2865 et
611 2804 843 2869 Klossmannus
872 2804 919 2885 (in
941 2803 1111 2884 „Ruperti
1133 2819 1238 2882 opera

171 2899 329 2983 Taciti“),
363 2900 605 2968 arbitrabantur
637 2905 799 2985 dialogum
838 2907 878 2968 de
912 2901 1092 2967 oratoribus
1128 2900 1238 2964 multis
1286 2968 1289 2976 ,

165 3001 252 3068 vitiis
275 3003 362 3068 etin
384 3003 490 3070 verbis
513 3011 546 3068 et
568 3006 601 3070 in
624 3007 792 3071 sententiis
807 3005 1006 3069 laborantem
1029 3002 1152 3067 minimi
1167 3019 1238 3066 esse

165 3105 270 3184 pretii,
312 3104 484 3169 latinitatis
524 3105 655 3170 iamiam
695 3106 833 3172 labentis
875 3108 1103 3172 documentum
1141 3109 1237 3184 atque

166 3205 285 3270 idcirco
309 3224 411 3288 neque
433 3223 543 3270 verum
565 3208 662 3288 primi
683 3209 916 3290 imperatorum
939 3224 1142 3271 romanorum
1166 3221 1237 3268 sae-

167 3307 230 3370 culi
252 3308 414 3388 speculum
436 3305 618 3372 habendum
641 3328 743 3391 neque
764 3309 821 3374 ulli
843 3309 1008 3390 praeclaro
1031 3306 1099 3371 eius
1121 3304 1238 3369 aetatis

166 3409 317 3490 scriptori
338 3428 408 3474 esse
429 3408 697 3498 adiudicandum:
728 3416 835 3476 tamen
857 3411 918 3476 hae
941 3409 1105 3491 opiniones
1128 3423 1237 3470 eorum

167 3516 252 3588 sunt,
275 3511 329 3592 qui
352 3510 495 3593 singulas
517 3510 616 3576 libelli
638 3518 749 3594 partes
776 3514 896 3594 optime
918 3528 1075 3578 connexas
1097 3509 1180 3573 inter
1203 3525 1237 3571 se

167 3619 200 3676 et
233 3619 327 3693 aptas
363 3618 420 3677 aut
451 3633 515 3678 non
548 3613 668 3679 rectius
701 3618 933 3696 perspexerunt
965 3617 1020 3677 aut
1054 3609 1238 3691 perspicere

167 3714 337 3779 noluerunt
359 3733 461 3797 neque
484 3721 588 3780 totum
604 3721 828 3798 argumentum
848 3716 978 3797 eiusque
1001 3712 1237 3778 enarrationem

167 3836 324 3900 perpensa
356 3818 547 3884 habuerunt.
591 3819 640 3882 De
673 3819 784 3901 quovis
816 3823 922 3882 autem
956 3812 1075 3894 ingenii
1107 3809 1238 3875 humani

167 3938 264 4001 opere
293 3938 313 3983 a
339 3920 499 3984 nonnullis
529 3938 663 4001 pravam
690 3921 829 4003 aliquam
859 3925 892 3983 et
919 3935 1034 3981 vanam
1056 3914 1237 3996 opinionem

167 4021 374 4105 sequentibus
397 4022 544 4087 similiter
558 4021 640 4086 falso
655 4023 751 4086 modo
766 4021 978 4096 diiudicatur;
1009 4018 1064 4094 sic,
1088 4021 1125 4079 ut
1139 4034 1237 4079 unum

168 4124 298 4188 afferam
331 4124 520 4205 exemplum,
554 4122 717 4200 Ludenus,
750 4122 799 4185 vir
831 4120 971 4202 alioquin
998 4117 1081 4182 acris
1108 4117 1237 4198 ingenii,

168 4223 272 4289 Taciti
304 4224 507 4290 Germaniam
540 4225 692 4306 opinatur
728 4221 990 4287 commentarium
1027 4237 1097 4283 esse
1130 4237 1237 4282 rerum
