3092 4928
283 360 331 429 24

280 583 406 628 versum
433 562 708 628 contradamur
735 579 769 628 se
795 566 828 626 et
851 562 978 643 ingenia
999 566 1033 626 et
1054 564 1252 628 conditiones
1274 581 1350 627 con-

279 665 386 730 tendit
414 665 681 747 diversitatesque
708 665 867 747 explanat.
912 663 982 730 Hoc
1007 666 1102 728 modo
1124 665 1157 729 in
1180 663 1351 729 Germania

280 768 441 832 nationem
464 766 627 846 describit,
650 785 732 848 quae
748 767 953 848 simplicitate
974 785 1099 830 morum
1123 771 1157 831 et
1178 766 1350 830 severitate

281 871 406 935 excellit
436 874 548 935 contra
575 889 741 933 romanum
763 869 916 950 populum
939 869 1071 934 mollitie
1093 875 1127 934 et
1147 869 1271 934 luxurie
1293 869 1349 933 de·

280 976 466 1055 pravatum;
509 973 621 1036 eodem
654 972 749 1036 modo
782 972 814 1036 in
846 971 996 1053 Agricola
1028 972 1130 1036 virum
1165 977 1266 1050 notat,
1296 971 1351 1053 qui
1409 1033 1412 1044 ,

281 1075 379 1139 animi
407 1079 441 1138 et
466 1074 586 1156 ingenii
613 1075 719 1138 indole
745 1093 782 1140 ac
810 1074 994 1140 sinceritate
1025 1095 1150 1140 morum
1172 1080 1205 1140 et
1226 1080 1350 1157 tempe-

281 1177 388 1242 rantia
416 1175 518 1257 fulget
547 1177 632 1241 inter
660 1177 810 1258 aequales
836 1182 1014 1258 corruptos,
1044 1179 1099 1260 qui
1124 1177 1279 1259 pristinae
1305 1178 1351 1242 ci-

280 1280 367 1343 vium
388 1279 502 1344 virtuti
524 1279 634 1343 studet
655 1284 689 1343 et
711 1278 750 1343 ob
772 1279 833 1343 hoc
855 1279 996 1344 studium
1021 1281 1152 1362 tyranni
1177 1279 1297 1345 invidia
1318 1284 1351 1343 et

280 1383 397 1448 iniuria
418 1383 625 1464 opprimitur3
657 1383 768 1446 eodem
791 1382 886 1446 modo
908 1383 941 1447 in
963 1382 1088 1463 magnis
1110 1382 1176 1446 suis
1202 1381 1351 1465 operibus

280 1484 442 1548 historicis
475 1485 517 1548 ad
549 1485 682 1550 liberam
715 1484 944 1565 rempublicam
978 1485 1164 1566 saepissime
1199 1485 1349 1565 respicit3

281 1588 393 1652 eodem
419 1589 515 1652 modo
544 1589 576 1653 in
599 1587 766 1653 annalibus
790 1587 859 1668 (IV.
883 1595 932 1652 32.
958 1588 1024 1670 33.)
1041 1606 1116 1652 suae
1131 1586 1284 1652 historiae
1297 1605 1350 1650 ra-

281 1691 401 1755 tionem
424 1709 496 1754 cum
518 1693 678 1771 scriptura
700 1709 809 1754 eorum
832 1690 1007 1767 contendit,
1031 1690 1085 1771 qui
1102 1694 1227 1754 veteres
1241 1688 1351 1770 populi

280 1792 405 1857 romani
431 1810 482 1856 res
509 1811 679 1856 narravere
707 1793 760 1874 (cf.
789 1793 887 1856 etiam
919 1792 1088 1874 Agricolae
1120 1791 1350 1873 prooemium);

282 1895 395 1959 eodem
424 1895 519 1957 modo
548 1894 581 1958 in
607 1895 733 1976 dialogo
760 1913 871 1960 recens
898 1889 1079 1977 eloquentia
1101 1895 1275 1977 opponitur
1294 1915 1351 1960 an·

281 1998 398 2079 tiquae
431 2015 494 2078 qua
532 2015 570 2060 ex
611 1999 847 2079 comparatione
887 1997 973 2061 illam
1003 1998 1097 2079 longe
1123 1998 1293 2062 recessisse
1319 2002 1352 2062 et

281 2100 374 2166 valde
402 2103 586 2180 corruptam
613 2116 683 2165 esse
713 2104 857 2182 apparet.
880 2137 921 2147 »-
945 2099 1096 2176 Quamvis
1125 2119 1200 2164 vero
1223 2100 1352 2164 Tacitus

283 2220 359 2267 suae
385 2200 503 2283 ubique
528 2201 689 2282 praeferat
720 2207 863 2267 veterem
896 2208 1035 2268 aetatem
1067 2203 1223 2284 huiusque
1255 2202 1352 2267 liber-

281 2310 382 2370 tatem
402 2303 578 2385 praedicet,
602 2308 709 2368 tamen
732 2324 795 2370 non
813 2325 944 2386 prorsus
967 2311 1000 2370 et
1021 2304 1165 2370 absolute
1188 2306 1353 2386 superiora

281 2412 427 2488 tempora
460 2407 638 2471 admiratur
670 2425 728 2472 nec
760 2413 962 2489 praesentem
996 2409 1209 2474 conditionem
1241 2408 1351 2490 utique

282 2508 426 2590 negligit.
484 2508 595 2590 Neque
632 2510 716 2573 enim
755 2509 934 2575 Stoicorum
971 2530 1059 2575 more
1092 2515 1129 2576 ut
1165 2530 1351 2594 quacunque

282 2611 406 2676 ratione
427 2610 598 2693 pristinam
621 2611 859 2692 simplieitatem
874 2618 1002 2678 revocet
1019 2613 1263 2695 hominibusque
1285 2614 1351 2679 suis

282 2714 463 2779 hbertatem
492 2712 633 2777 ablatam
661 2714 822 2793 restituat,
854 2733 983 2795 operam
1006 2717 1135 2780 navavit
1157 2721 1254 2798 atque
1277 2734 1351 2781 con-

282 2819 424 2881 tentione
453 2815 559 2880 inutili
588 2821 620 2879 et
649 2817 741 2880 irrita
770 2816 933 2885 intellecta
959 2818 999 2882 de
1026 2817 1220 2900 reipublicae
1249 2819 1352 2884 salute

282 2919 410 2984 omnino
440 2919 623 3000 desperavit
652 2922 685 2983 et
713 2919 745 2983 in
768 2919 933 2983 silentium
952 2938 987 2984 se
1007 2919 1139 3001 recepit.
1183 2920 1297 3002 Itaque
1319 2921 1353 2987 in

281 3021 431 3102 Agricola
455 3039 480 3084 c.
505 3027 572 3084 lh:
596 3024 770 3097 ,‚eciuut‚“
791 3022 904 3102 inquit,
930 3022 1069 3107 „quibus
1091 3025 1265 3087 moriseni
1291 3025 1351 3088 illi·

283 3125 349 3187 cita
376 3125 505 3199 mirari,
531 3144 656 3206 posse
688 3126 808 3188 etium
836 3123 910 3188 nub
940 3127 1057 3189 mulio
1082 3125 1353 3209 principibus

282 3245 443 3311 mapuos
469 3227 582 3290 uiros
609 3247 712 3302 ecoe3
750 3225 997 3314 obsequiumque
1025 3249 1066 3291 uc
1095 3228 1299 3304 modestiam,
1322 3229 1353 3292 si

282 3329 449 3392 industrie
475 3349 515 3392 uc
545 3331 642 3411 oipor·
664 3330 787 3406 adsint,
811 3351 850 3394 eo
873 3330 983 3394 laudis
1006 3330 1174 3406 excedere,
1198 3350 1262 3416 quo
1281 3331 1352 3412 ple-

234 3499 236 3504 ,
281 3433 374 3516 rique
397 3449 462 3513 per
489 3431 634 3514 obrupta
651 3432 722 3496 'ced
751 3435 784 3496 iu
806 3435 926 3497 nullum
948 3433 1149 3516 reipublicae
1171 3453 1264 3500 urum
1286 3453 1351 3496 aru·

282 3533 401 3596 biliaco
423 3542 526 3596 morte
548 3534 841 3616 iuclur·ueruul“.¹)
892 3534 956 3599 Sed
979 3535 1128 3616 quoniam
1151 3535 1250 3600 sentit
1275 3553 1352 3617 que-

282 3634 381 3699 rendo
403 3635 520 3700 aetatis
543 3637 758 3718 corruptelam
774 3645 807 3701 et
822 3637 947 3718 generis
965 3637 1097 3701 humani
1109 3637 1353 3718 perversitatem

282 3739 488 3803 lamentando
510 3739 597 3803 nullo
618 3744 714 3820 pacto
737 3741 910 3822 quidquam
932 3759 1026 3820 posse
1049 3740 1111 3822 agi,
1140 3740 1288 3822 quoniam
1311 3740 1353 3804 ad

282 3848 486 3924 praesentem
504 3842 710 3924 'reipublicae
740 3847 861 3908 statum
890 3861 927 3908 ac
950 3844 1173 3922 conditionem,
1197 3844 1238 3908 ad
1259 3861 1353 3925 prae-

283 4051 485 4058 ...-...--.—-—.—

368 4177 391 4244 1)
410 4175 445 4229 cf.
470 4191 532 4230 ann.
557 4175 638 4230 XIV.
664 4177 722 4229 12.:
754 4175 886 4241 „Paetus
910 4177 1042 4230 Thrasea
1061 4177 1119 4231 siut
1137 4194 1260 4231 ceresam
1277 4179 1354 4247 peri·

284 4262 344 4316 culi
360 4263 439 4328 feeit,
460 4263 564 4316 ceteris
582 4261 727 4315 liber-tutis·
746 4263 859 4316 britium
877 4279 935 4316 uou
952 4261 1119 4334 praecum.
