3092 4928
277 401 398 505 es«

275 609 398 670 moris
421 609 613 692 antiqui?
643 648 678 658 -
705 611 772 674 lam
790 615 931 695 primum
953 633 1034 678 suas
1057 616 1169 696 cecique
1194 615 1282 699 filius
1304 637 1345 680 en·

276 717 370 773 casta
388 721 528 793 parente
550 722 648 777 nutus
670 734 747 778 non
769 718 806 778 i'n
831 717 938 778 cella
960 725 1115 799 emptae
1137 721 1341 798 nutricis,

274 813 345 875 sed
363 817 520 897 qremio
544 819 697 881 ausina
719 821 861 882 matris
883 816 1103 892 educabatur
1131 821 1223 884 cuius
1243 841 1341 904 prae-

276 916 374 998 cipua
390 918 463 982 laus
479 927 552 982 erat
568 923 653 983 trieri
668 919 795 985 domum
810 930 842 984 el
857 923 1052 984 inseruire
1070 921 1215 986 liberis.
1232 957 1272 968 -
1288 921 1343 988 su

276 1019 462 1084 Corneliam
479 1020 716 1099 Gracchorum,
739 1025 789 1088 sic
804 1023 972 1087 Aureliam
991 1022 1157 1102 Caesaris,
1173 1027 1222 1089 sic
1234 1027 1342 1090 Atiam

274 1122 416 1205 Arcqnsti
437 1133 571 1188 raatrem
595 1123 785 1208 praefuisse
810 1125 1058 1191 educationibus
1080 1148 1121 1190 ac
1140 1129 1341 1211 produxisse

269 1226 443 1308 principes
455 1226 575 1290 liberos
586 1230 798 1311 accepirnus“.
822 1227 947 1291 Deinde
959 1245 984 1292 c.
997 1234 1063 1292 29.:
1081 1239 1233 1306 „otnernc
1244 1240 1341 1296 natus

273 1325 386 1410 infans
402 1327 608 1412 deleqatur
627 1332 842 1414 graeculae
865 1332 986 1396 alicui
1007 1335 1190 1412 ancillae,
1216 1337 1267 1400 cui
1282 1335 1340 1399 ad-

273 1432 418 1514 iungitur
439 1451 523 1496 uuus
546 1440 603 1496 ant
625 1435 711 1496 alter
732 1455 772 1496 eu
795 1433 940 1498 omnibus
961 1438 1069 1500 seruis
1089 1439 1277 1521 plerumque
1292 1441 1339 1502 ui-

273 1535 414 1598 lissimae
429 1554 488 1598 nec
505 1537 652 1621 cuiquam
669 1537 757 1600 serio
773 1538 953 1600 ministerio
970 1539 1257 1605 accornmoclatus“
1280 1546 1339 1606 cet.

274 1635 467 1714 Quibuscum
498 1636 688 1702 conferenda
710 1642 794 1718 sunt,
818 1657 899 1720 quae
926 1640 967 1703 de
997 1639 1226 1708 Germanorum
1252 1661 1340 1707 more

272 1739 388 1804 liberos
404 1740 561 1804 educandi
573 1739 702 1806 Tacitus
716 1744 808 1805 notat
831 1742 863 1805 in
879 1739 985 1806 Germ.
1003 1760 1029 1808 c.
1046 1750 1113 1808 205
1137 1765 1221 1824 „sua
1235 1767 1338 1832 quem-

273 1863 332 1928 que
347 1851 452 1906 mater
467 1843 617 1906 tuberibus
633 1845 693 1906 alit
706 1864 775 1908 nec
791 1845 952 1908 aucillis
974 1865 1019 1908 ac
1033 1847 1257 1911 nutricibus
1275 1848 1338 1911 de-

273 1947 493 2028 leqantur“‚·
515 1949 548 2010 et
570 1963 650 2026 quae
666 1945 706 2010 de
720 1945 888 2027 Agricolae
911 1947 1100 2013 educatione
1121 1948 1154 2013 in
1165 1949 1241 2031 Agr.
1255 1967 1280 2014 c.
1293 1956 1338 2014 4.:

272 2057 398 2128 „mater
408 2048 499 2112 lulio
508 2047 654 2111 Procilla
664 2046 742 2130 fuit,
759 2069 860 2112 rarae
875 2051 1054 2124 castilatis;
1076 2053 1088 2114 i
1093 2072 1113 2115 n
1126 2052 1239 2116 laius
1253 2053 1339 2118 sinu

272 2151 1338 2236 indulgentiaqueeducatusperomnemhonestarumartium

273 2255 389 2318 cultrum
413 2255 648 2336 pueritiam
675 2254 1057 2340 adolescentiamque
1085 2259 1337 2341 transegit“.

356 2355 474 2420 Verum
500 2354 580 2420 haec
608 2355 772 2420 hactenus.
823 2356 949 2438 Ingenii
977 2364 1009 2423 et
1036 2361 1264 2424 sententiarum
1295 2361 1338 2424 si-

270 2456 417 2521 militudo
440 2456 559 2539 dialogi
581 2463 821 2540 ceterorumque
843 2458 946 2524 Taciti
968 2460 1160 2542 scriptorum
1181 2461 1245 2526 iam
1261 2463 1339 2527 satis

270 2565 414 2640 apparet.
449 2559 513 2623 Sed
529 2560 649 2640 optime
664 2560 760 2624 etiam
780 2561 896 2626 studiis
911 2560 1014 2626 Taciti
1029 2568 1062 2628 et
1077 2563 1250 2629 eruditioni
1265 2582 1339 2629 con-

270 2662 357 2726 venit
386 2663 426 2726 de
453 2661 633 2743 eloquentia
662 2660 778 2726 librum
806 2680 1002 2744 componere.
1026 2665 1172 2730 Tacitum
1200 2666 1338 2732 enimin

270 2765 468 2847 eloquentiae
484 2765 591 2830 studio
606 2765 776 2846 diligenter
790 2772 953 2832 versatum
976 2771 1072 2850 atque
1087 2787 1236 2850 magnam
1252 2769 1285 2834 in
1301 2788 1338 2834 ea

272 2867 399 2931 laudem
411 2869 563 2948 adeptum
579 2885 650 2932 esse
665 2872 698 2931 et
713 2867 847 2932 aliorum
862 2870 1055 2936 testimoniis
1071 2871 1149 2936 satis
1165 2876 1292 2937 constat
1306 2877 1339 2936 et

270 2970 433 3050 exipsius
461 2971 589 3053 scriptis
615 2970 728 3035 elucet.
772 2969 895 3036 Plinius
922 2972 1058 3054 quidem,
1092 2973 1233 3054 locuples
1263 2992 1339 3039 sane

268 3072 363 3137 huius
384 3073 432 3137 rei
453 3072 557 3150 iudex,
581 3071 689 3136 multis
711 3072 788 3137 loeis
811 3071 913 3137 Taciti
931 3074 1144 3155 eloquentiam
1160 3075 1337 3154 callaudat3

269 3175 314 3240 sic
329 3175 362 3239 in
377 3194 450 3256 epp.
466 3175 507 3238 II.
524 3181 571 3238 11.
588 3175 616 3258 ξ.
632 3183 695 3238 17.;
720 3177 913 3258 „respondit
931 3176 1102 3242 Cornelius
1114 3177 1248 3242 Tacitus
1260 3181 1337 3242 elo-

268 3281 526 3365 quentissime
541 3287 593 3354 et,
616 3277 721 3364 quod
736 3280 913 3344 eximium
929 3282 1107 3344 orationi
1122 3283 1208 3344 eius
1223 3282 1337 3360 inest,

269 3385 443 3466 σεμνῶςιι
478 3381 521 3463 (h.
546 3399 573 3445 e.
603 3399 674 3446 cum
704 3380 888 3461 granditate
916 3382 1055 3463 quedam
1077 3382 1255 3465 dictionis);
1293 3382 1339 3447 sic

269 3485 365 3549 etiam
381 3485 414 3548 in
429 3483 571 3549 eiusdem
586 3482 660 3547 libri
675 3483 813 3564 epistula
826 3484 944 3564 prima:
962 3484 1080 3564 „lucius
1091 3487 1158 3550 oiri
1169 3485 1339 3569 (Verginii

272 3586 361 3670 Rufi)
384 3587 556 3670 exsequiae
578 3607 727 3670 maquura
750 3597 973 3652 ornamentum
999 3589 1158 3672 principi,
1189 3608 1337 3673 maqnum

267 3691 412 3766 saccello,
436 3708 610 3773 maqrcum
639 3693 755 3754 etiam
775 3688 868 3773 foro
896 3699 931 3752 et
959 3693 1108 3754 rostris
1133 3692 1338 3755 atlulmunt:

269 3793 426 3857 laudatus
448 3800 496 3854 est
518 3812 540 3854 a
564 3794 694 3856 consule
718 3793 871 3857 Cornelio
891 3791 1023 3867 Tacilo;
1052 3812 1127 3856 nam
1148 3793 1201 3857 lic
1222 3813 1337 3876 supre-

268 3916 337 3961 mus
354 3893 508 3978 felicitati
520 3896 591 3972 eins
608 3898 751 3960 mucidus
766 3897 916 3972 accessit,
940 3896 1130 3960 laudator
1151 3897 1336 3982 eloquen-

268 4001 481 4065 tissimns“.
527 3997 609 4074 Quin
632 3996 698 4063 fere
724 3998 895 4062 maximam
916 3997 1000 4062 inter
1022 3999 1171 4079 aequales
1193 4004 1338 4064 oratores

267 4120 419 4170 romanos
441 4099 558 4165 lamam
579 4099 729 4166 habuisse
751 4100 878 4166 videtur
900 4099 1047 4180 Tacitus3
1070 4119 1145 4165 nam
1161 4118 1232 4166 cum
1254 4120 1337 4165 anno

267 4227 297 4288 p.
323 4205 395 4270 Chr.
419 4224 449 4268 n.
481 4205 655 4269 centesimo
681 4202 802 4268 Marius
830 4201 959 4267 Priscus
986 4203 1157 4283 proconsul
1185 4209 1338 4285 repetun-

267 4309 381 4378 darum
416 4326 491 4374 reus
535 4306 640 4374 factus
677 4311 772 4387 esset,
810 4305 941 4372 Tacitus
976 4323 1048 4371 cum
1091 4305 1195 4371 Plinio
1235 4306 1336 4372 amico
