3092 4928
333 381 379 450 10

328 537 492 665 aequalem
514 602 605 648 suum
629 587 725 665 atque
740 603 760 647 a
775 602 809 648 se
824 583 1025 649 familiariter
1038 587 1180 649 amatum
1195 586 1400 666 appellasset,

327 686 417 750 cuius
438 687 523 750 iuter
545 687 712 753 auditores
739 693 772 751 et
794 688 941 752 assiduos
963 692 1139 752 sectatores
1161 705 1231 753 sese
1253 695 1401 752 numerat

327 794 439 852 auctor
462 789 581 870 dialogi
605 789 693 868 (dial.
717 807 744 852 c.
770 790 836 871 2.)?
861 826 899 834 -

411 890 524 954 Altera
546 889 658 954 classis
681 909 790 954 eorum
813 889 868 971 qui
890 890 1002 956 Tacito
1025 889 1187 970 dialogum
1203 888 1398 967 abiudicant,

325 996 401 1056 sunt
415 991 469 1074 qui
485 992 519 1057 0.
537 992 711 1058 Caecilium
726 991 866 1057 Plinium
883 991 1065 1057 Secundum
1081 990 1234 1057 minorem
1251 994 1398 1054 statuunt

325 1098 508 1159 auctorem.¹
543 1094 641 1160 Cuius
679 1095 857 1159 sententiae
893 1098 1114 1175 propugnator
1150 1097 1200 1156 est
1241 1077 1290 1156 Jo'.
1329 1093 1396 1156 Jac.

323 1195 421 1259 Henr.
444 1194 618 1276 NastiuS,¹)
642 1214 777 1278 eumque
801 1199 912 1260 secuta
934 1200 983 1260 est
998 1213 1115 1276 magna
1129 1193 1243 1258 cohors
1258 1194 1397 1257 virorum

302 1297 534 1378 .doctorum.²)
578 1297 662 1362 Huic
684 1315 809 1379 quoque
831 1296 1010 1362 sententiae
1032 1296 1125 1361 stilus
1148 1295 1267 1376 dialogi
1279 1295 1397 1360 Plinia-

323 1398 373 1462 uis
393 1398 522 1480 scriptis
545 1399 678 1464 similior
699 1398 862 1480 praesidio
886 1406 949 1477 est3
973 1403 1042 1462 tum
1057 1404 1194 1478 tempus,
1218 1416 1280 1479 quo
1296 1397 1396 1460 dialo-

323 1519 383 1581 gus
411 1500 540 1566 habitus
573 1501 716 1583 fingitur,
751 1502 882 1583 optime,
920 1501 1019 1577 aiunt,
1056 1499 1088 1563 in
1124 1498 1262 1563 Plinium
1299 1498 1395 1577 cadit,

322 1606 421 1685 atque
442 1604 506 1668 tale
529 1608 757 1684 argumentum
772 1603 966 1668 rhetoricum
981 1607 1179 1683 pertractare
1193 1601 1395 1683 aptissimum

322 1707 373 1767 est
394 1703 524 1785 reliquis
546 1703 642 1769 Plinii
669 1706 787 1771 studiis
811 1707 907 1789 (quae
940 1707 1072 1771 eaedem
1106 1723 1221 1769 causae
1254 1710 1394 1769 ceterum

322 1804 418 1868 etiam
453 1825 472 1869 a
505 1804 692 1881 Quintiliani
725 1808 872 1887 patronis
909 1807 1188 1889 interponuntur);
1228 1811 1396 1886 praeterea

320 1905 439 1970 Fabius
461 1907 585 1984 Justus,
609 1909 651 1972 ad
673 1926 767 1990 quem
787 1908 913 1973 libellus
935 1909 1051 1973 missus
1066 1901 1126 1985 est,
1149 1908 1244 1972 Plinii
1259 1907 1396 1972 familia·

320 2006 466 2072 sissimus
492 2009 624 2091 eiusque
655 2015 780 2074 tantum
812 2029 850 2075 ex
880 2009 1027 2092 epistulis
1053 2013 1159 2086 notus,
1193 2029 1348 2093 nusquam
1376 2031 1395 2074 a

321 2108 432 2175 Tacito
455 2115 733 2177 commemoratur.

409 2211 455 2276 Ac
492 2214 533 2276 de
568 2211 673 2293 prima
710 2213 839 2296 quidem
869 2231 966 2279 causa
1001 2233 1060 2295 pro
1096 2213 1241 2278 Pliniana
1277 2212 1396 2294 dialogi

319 2313 441 2394 origine
470 2314 568 2378 allata
597 2315 729 2379 eaedem
755 2319 889 2379 exstant
917 2315 1127 2380 difficultates
1161 2321 1194 2379 et
1226 2316 1394 2396 angustiae

319 2433 401 2496 quae
424 2433 523 2497 supra
540 2417 586 2480 de
601 2415 808 2493 Quintiliano.
855 2415 889 2481 Si
912 2417 983 2498 quis
1004 2417 1088 2482 euim
1104 2415 1199 2481 Plinii
1214 2433 1392 2481 sermonem

317 2517 350 2580 in
373 2517 520 2598 epistulis
543 2523 576 2581 11
598 2518 631 2582 in
647 2519 840 2600 panegyrico
862 2518 1041 2583 adhibitum
1058 2517 1244 2598 cognoverit
1265 2521 1299 2582 et
1321 2535 1392 2581 cum

318 2618 445 2700 dialogo
468 2620 648 2684 accuratius
671 2619 915 2702 comparaverit,
938 2619 975 2697 is,
1003 2625 1125 2702 quanta
1147 2619 1190 2683 sit
1212 2617 1391 2694 diversitas,

317 2740 379 2785 non
402 2726 511 2803 potest
539 2741 603 2786 non
630 2722 819 2804 intelligere.
864 2722 947 2786 Nam
976 2721 1067 2786 tirous
1094 2726 1127 2785 et
1157 2719 1296 2784 cincinni
1325 2738 1392 2784 ser-

317 2823 420 2888 monis
455 2823 593 2889 Pliniani
626 2825 743 2890 desunt
773 2824 910 2905 dialogo,
946 2824 1000 2906 qui
1032 2822 1159 2888 etiamsi
1192 2842 1254 2886 uon
1287 2822 1391 2886 minus

317 2924 447 3006 elegans
469 2929 577 2990 tamen
606 2945 670 2990 uon
697 2926 744 2992 ita
769 2926 889 3008 politus
919 2932 952 2990 11
980 2929 1112 2989 ornatus
1138 2930 1198 3002 est,
1232 2930 1269 2988 ut
1297 2923 1392 2990 Plinii

318 3025 480 3107 ingenium
516 3046 682 3108 agnoscas.
733 3026 905 3091 Praeterea
937 3027 1024 3091 illam
1061 3027 1217 3091 virtutum
1262 3045 1391 3091 suarum

310 3122 566 3192 'ostentationem
600 3140 634 3192 et
661 3128 934 3209 praedicationem
967 3128 1053 3209 apud
1084 3127 1202 3210 dialogi
1225 3133 1389 3193 auctorem

317 3230 560 3307 desideraveris
584 3247 678 3312 quem
702 3229 734 3294 in
760 3229 907 3294 omnibus
930 3230 996 3294 suis
1021 3230 1149 3311 scriptis
1171 3248 1249 3310 prae
1272 3229 1391 3324 111111

314 3330 446 3397 Plinius.
1288 3315 1312 3332 ''

402 3432 466 3498 Sed
486 3451 545 3514 per
568 3437 707 3497 aetatem
728 3432 851 3498 Plinius
874 3432 1012 3498 fortasse
1041 3437 1154 3497 auctor
1182 3451 1254 3498 esse
1282 3436 1389 3514 potest

314 3535 496 3617 velutique
519 3535 591 3600 est?
636 3571 676 3579 --
719 3534 851 3614 Plinius,
879 3535 934 3617 qui
957 3534 1249 3598 duodevicesimam
1272 3533 1390 3614 agebat

315 3656 444 3716 annum,
468 3655 540 3701 cum
563 3655 602 3700 ex
623 3635 755 3700 Vesuvii
778 3637 925 3701 incendio
947 3635 1124 3700 avunculus
1147 3634 1227 3700 obiit
1248 3637 1311 3718 (ep.
1333 3636 1387 3700 VI.

316 3748 365 3803 20.
383 3739 439 3820 5.),
462 3739 482 3803 1.
499 3737 644 3804 anostri
666 3738 737 3802 aevi
760 3758 788 3802 a.
814 3746 873 3816 79,
898 3757 935 3804 eo
950 3744 1106 3819 tempore,
1129 3756 1191 3819 quo
1212 3737 1389 3818 disputatio

314 3841 369 3905 illa
396 3841 546 3906 instituta
572 3839 714 3921 fingitur,
748 3840 902 3906 tredecim
930 3840 998 3905 fere
1026 3858 1181 3904 annorum
1209 3857 1289 3920 puer
1317 3838 1387 3904 luit.

314 3943 446 4008 Minime
468 3960 543 4007 vero
564 3940 729 4022 probabile
752 3947 801 4007 est
823 3942 968 4007 tantillae
987 3943 1104 4007 aetatis
1126 3958 1260 4022 puerum
1276 3959 1387 4022 quam·

315 4115 519 4123 ..m-...-

395 4179 418 4238 ι)
431 4174 466 4232 In
478 4175 544 4231 dial.
557 4177 686 4232 translat.
697 4193 808 4233 vernae.
821 4178 888 4234 Hal.
901 4179 976 4235 1787.

394 4263 419 4326 ²)
438 4276 464 4316 v.
484 4261 629 4330 Eckstein,
648 4262 668 4317 1.
686 4263 707 4318 1.
726 4279 755 4331 p.
774 4264 879 4318 4141.
899 4279 960 4332 sqq.
