3092 4928
287 347 335 417 42

286 549 391 613 ditate
419 547 594 612 et'nitore-
619 545 819 610 nonninus
849 563 951 626 quam
975 545 1144 608 sententiis
1173 541 1361 624 magnificis

285 649 413 730 ingenio
445 648 604 729 singulari·
637 647 804 728 scriptoris
840 651 873 709 et
910 645 1017 709 indole
1053 643 1208 709 intestina
1244 645 1362 711 iterum

285 752 466 831 iterumque
487 749 641 825 allicitur,
661 748 796 829 capitur,
820 753 959 811 tenetur.
1003 745 1124 810 Verum
1136 746 1271 811 ¹Tacitus
1284 766 1362 811 num

284 857 511 933 praeterquam
533 851 591 914 „in
636 849 780 914 historiis
798 897 802 903 .
822 847 1061 913 conscribendis
1097 848 1238 928 alioquin
1274 847 1363 912 illam

284 953 449 1034 propriam
482 952 656 1016 dictionem
691 951 844 1016 adhibere
879 950 1032 1031 poterat?
1069 986 1110 996 -
1139 949 1220 1013 ·N0n
1256 951 1362 1025 credo,

285 1074 387 1136 neque
417 1073 570 1135 umquam
603 1054 681 1118 mihi
714 1051 923 1135 persuadebo.
979 1052 1109 1116 Tacitus
1142 1051 1202 1114 hac
1236 1050 1365 1116 dicendi

285 1157 408 1220 ratione
430 1155 457 1219 si
478 1143 714 1230 insensatu
735 1155 862 1219 iudiciis
879 1173 957 1218 usus
973 1159 1069 1230 esset,
1093 1159 1183 1217 certo
1197 1171 1260 1216 non
1274 1152 1364 1216 illam

286 1255 538 1338 eloquentissimi
573 1256 710 1320 hominis
742 1255 828 1319 inter
862 1255 1013 1336 aequales
1050 1255 1186 1338 gloriam
1223 1255 1364 1334 adeptus

286 1363 387 1435 essem
408 1394 449 1418 τ-
472 1375 565 1421 nemo
595 1358 679 1422 enim
709 1375 782 1420 eum
811 1357 1030 1424 intellexisset.
1082 1357 1120 1418 In
1147 1354 1284 1434 publicis
1305 1375 1363 1420 ne·
1392 1411 1395 1416 ,

286 1460 383 1540 gotiis
405 1460 728 1540 coramvimperatore
750 1459 893 1540 agendis
916 1459 949 1525 in
972 1457 1171 1526 orationibus
1192 1461 1225 1525 in
1249 1463 1362 1522 senatu

285 1561 451 1640 habendis,
480 1564 522 1626 in
544 1562 649 1626 causis
677 1561 889 1640 iudicialibus,
920 1563 953 1625 in
982 1561 1129 1641 epistulis
1151 1561 1242 1626 nullo·
1267 1564 1362 1639 pacto

285 1665 341 1728 illa
363 1682 435 1728 curn
457 1663 646 1739 concisione,
670 1681 743 1727 curu
764 1681 879 1743 pressa
901 1669 933 1726 et
955 1662 1070 1742 putida
1095 1660 1254 1728 brevitate
1277 1661 1363 1742 loqui

285 1771 425 1844 poterat,
460 1783 523 1845 qua
545 1765 675 1828 annales
704 1764 912 1844 praecellunt.
967 1765 1020 1840 nt,
1054 1765 1212 1845 inquiunt,
1246 1762 1364 1843 duplex

286 1868 360 1940 idco
393 1866 520 1930 dicendi
546 1883 646 1948 genus
669 1865 817 1930 Tacitus·
833 1866 945 1931 habuit
971 1857 1069 1946 atque
1100 1865 1134 1929 in
1161 1863 1309 1945 operibus
1331 1871 1364 1928 et

287 1967 516 2032 cousuetudine
552 1967 739 2048 quotidiana
766 1967 943 2032 adhibuit?
979 2005 1017 2012 --
1050 1967 1198 2031 Profecto
1236 1964 1362 2045 duplex,

286 2069 530 2148 respondemus
555 2068 691 2132 alterum
707 2069 749 2132 ad
764 2068 922 2133 excelsam
937 2075 970 2132 et
981 2068 1183 2149 magnificam
1195 2067 1364 2131 materiam

287 2171 491 2233 tractandam
512 2169 673 2247 idoneum,
697 2171 887 2250 quaesitum,
911 2155 1103 2247 contortum,
1127 2188 1281 2247 severum,
1309 2187 1364 2232 ex-

287 2277 487 2353 aggeratum,
515 2270 655 2336 alterum
682 2268 726 2334 ad
756 2272 1006 2352 disceptationes
1036 2273 1136 2335 etad
1165 2290 1258 2334 usum
1285 2289 1365 2352 quo-

287 2373 446 2438 tidianum
460 2373 622 2450 humilius,
638 2373 750 2450 lenius,
773 2373 927 2450 nativum,
951 2372 1125 2454 aequaliter
1140 2373 1365 2453 compositum.

287 2475 357 2539 Hoc
385 2474 569 2538 inaffectata
599 2479 632 2538 et
660 2473 797 2554 simplici
824 2474 907 2550 stilo,
938 2493 1032 2555 quem
1061 2473 1206 2538 Tacitum
1235 2478 1366 2554 praeter

286 2576 474 2642 historicum
495 2574 646 2639 habuisse
668 2593 798 2640 necesse
820 2581 880 2653 est,
903 2575 1050 2656 dialogus
1069 2581 1179 2640 noster
1200 2577 1364 2662 conscrip-

213 2707 215 2710 ·
286 2683 341 2743 tus
363 2683 426 2756 est-3
457 2678 571 2741 eodem
591 2677 625 2740 in
651 2681 779 2758 tempus
805 2677 915 2742 forsan
936 2677 1169 2758 aliquantulum
1192 2673 1364 2742 immutato

287 2779 417 2844 Tacitus
439 2779 472 2844 in
499 2777 706 2856 orationibus,
730 2779 947 2856 concionibus„
969 2779 1114 2859 epistulis
1137 2798 1214 2844 usus
1236 2786 1297 2857 est,
1322 2779 1363 2841 de

287 2881 402 2964 quibus
423 2880 546 2946 Plinius
567 2879 683 2960 aliique
704 2882 878 2946 tradidere.

372 2983 487 3062 Itaque
507 2985 673 3060 postrema
695 2983 792 3046 etiam
814 2984 1001 3063 quaestione
1024 2983 1204 3062 disceptata
1231 2983 1265 3046 id
1288 3001 1364 3048 con·
1435 3063 1438 3070 ι

286 3083 479 3148 firmandum
497 3087 546 3146 est
558 3083 670 3147 Tacite
682 3083 801 3164 dialogi
811 3086 935 3149 auctori
947 3085 1075 3150 omnino
1085 3084 1164 3148 nihil
1172 3102 1363 3165 repugnare,

288 3203 361 3250 cum
385 3185 452 3250 stili
479 3184 577 3248 etiam
604 3185 774 3250 diversitas
801 3186 894 3251 obvia
920 3187 953 3251 in
969 3187 1110 3267 dialogo
1134 3185 1298 3250 declarata
1320 3187 1364 3250 sit

287 3292 320 3351 et
340 3287 438 3368 plana
458 3285 553 3350 facta.

371 3389 440 3452 Iam
471 3407 547 3452 vero
579 3387 702 3452 iuvabit
734 3389 884 3476 colligere
917 3393 950 3452 et
982 3387 1122 3454 breviter
1152 3407 1363 3476 commouere,

286 3489 402 3572 quibus
429 3491 469 3553 de
498 3489 593 3554 rebus
620 3489 717 3554 verba
738 3489 917 3568 fecerimus,
952 3496 988 3553 ut
1015 3495 1085 3554 tota
1118 3491 1304 3556 dissertatio
1330 3492 1363 3555 in

286 3611 385 3656 unum
414 3591 519 3655 locum
546 3595 657 3655 coacta
683 3611 782 3655 unum
805 3592 863 3657 sub
886 3594 1074 3672 adspectum
1099 3591 1295 3674 subiiciatur.
1320 3629 1363 3637 -

286 3693 441 3758 Codicum
463 3693 753 3772 manuscriptorum
773 3695 948 3759 traditione
963 3693 1112 3774 dialogus
1127 3696 1167 3759 de
1182 3694 1364 3758 oratoribus

284 3793 397 3859 Tacito
411 3793 622 3871 adscribitur,
646 3797 843 3876 quorumde
868 3795 932 3860 fide
955 3800 987 3858 et
1013 3797 1207 3860 auctoritate
1230 3797 1363 3860 demon-

286 3897 459 3961 stravimus
492 3895 612 3961 nullam
648 3914 719 3960 esse
757 3896 925 3961 dubitandi
962 3915 1100 3963 causam.
1160 3897 1364 3980 Suspiciones

286 4003 405 4074 autern,
438 3997 471 4061 in
504 3997 618 4078 quibus
645 3997 707 4061 viri
733 3999 821 4063 docti
847 3998 1057 4075 haesitavere,
1090 4015 1153 4062 non
1175 4001 1207 4064 in
1231 4005 1364 4064 externa

286 4099 477 4176 conditione,
512 4099 569 4163 sed
601 4099 634 4162 in
652 4099 732 4163 ‘stili
759 4101 946 4164 diversitate
977 4101 1151 4164 collocatae
1174 4105 1258 4177 sunt,
1281 4119 1363 4181 quae

286 4200 366 4264 satis
381 4200 490 4282 gravis
507 4202 576 4268 visa
592 4207 644 4266 est
660 4219 766 4279 causa,
789 4207 826 4265 ut
841 4209 952 4266 contra
967 4202 1120 4267 librorum
1136 4203 1363 4266 auctoritatem
