3092 4928
1218 387 1237 458 9

166 602 383 684 praecipuam
402 599 547 681 periisse
562 595 811 660 existimandum
826 601 921 658 esset.
967 592 1033 658 seu
1056 602 1119 656 tam
1143 594 1240 656 laxae

169 703 403 784 descriptionis
445 699 606 784 amplique
644 698 815 780 propositi
858 696 988 760 modum
1030 696 1064 758 iu
1101 693 1240 758 libellum

168 813 316 868 nostrum
351 821 496 886 prorsus
531 819 597 865 uou
629 800 750 864 cadere
779 795 985 881 manifestum
1016 806 1077 874 est,
1111 799 1144 860 iu
1176 817 1240 884 quo

164 914 345 990 praeterea
367 903 449 968 uiiil
471 902 661 977 torinicum,
689 901 772 964 utttt
795 902 988 984 specialium
1009 899 1050 962 de
1074 906 1146 962 arte
1168 896 1240 962 rire-

169 1011 277 1072 torica
291 1007 562 1090 praeceptionum
576 1007 756 1088 reperitur,
778 1005 840 1068 sed
854 1007 887 1068 im
911 1005 1097 1068 uuiversum
1120 1023 1242 1067 causae

168 1111 371 1184 iudicantur,
400 1127 460 1172 cur
487 1104 685 1189 Vespasiani
713 1125 796 1170 aeuo
820 1107 951 1170 multum
973 1106 1038 1168 tam
1060 1103 1241 1188 defecerim

171 1221 333 1286 oratores
347 1232 368 1274 a
394 1208 568 1273 Tullianae
590 1209 712 1272 aetatis
732 1209 981 1292 praestautta“.
1054 1261 1056 1268 ,

255 1309 335 1375 Tum
368 1329 443 1375 vero
477 1310 633 1374 sermonis
666 1309 764 1374 etiam
800 1309 976 1374 similitudo
1009 1308 1241 1386 Quintilianum

168 1413 338 1480 videbatur
353 1418 515 1477 auctorem
530 1411 719 1493 significare,
737 1412 884 1490 „lubrica
906 1412 1033 1498 quidem
1053 1411 1241 1476 obseruatio

169 1535 315 1604 quaeque
337 1515 641 1580 exercitatissimum
656 1514 755 1598 eaipit
770 1514 950 1590 iudicem‚“
973 1514 1059 1596 quod
1075 1512 1243 1594 Spaldingi

169 1618 328 1682 monitum
356 1617 479 1681 utinam
507 1615 601 1680 multi
625 1617 685 1680 hae
713 1616 747 1682 in
769 1635 805 1680 re
826 1617 1011 1698 indaganda
1033 1615 1241 1680 audivissent.

169 1719 318 1784 Eundem
343 1719 375 1783 in
404 1718 613 1800 intelligendo
642 1717 837 1795 Quintiliano
864 1718 1085 1784 acutissimum
1111 1723 1144 1781 et
1165 1736 1242 1798 prae

172 1819 244 1885 aliis
270 1819 419 1884 subtilem
445 1819 710 1902 investigatorem
739 1835 849 1886 omnes
878 1822 919 1884 de
949 1819 1146 1897 Quintiliano
1173 1819 1243 1900 opi-

171 1923 281 1987 niones
309 1919 528 2003 profligavisse
554 1927 716 2002 putam'us,
745 1923 858 2005 quiin
889 1922 1077 1999 Quintiliani
1103 1921 1243 1986 editione

172 2026 214 2087 ad
246 2023 300 2087 lib.
328 2022 383 2086 VI.
411 2039 551 2104 prooem.
589 2025 692 2090 nostri
729 2025 849 2106 dialogi
878 2044 1025 2090 sermone
1061 2042 1132 2089 cum
1169 2025 1244 2090 stilo

172 2125 359 2203 Quintiliani
374 2131 558 2206 comparato
581 2131 614 2190 et
636 2126 746 2191 multis
762 2126 950 2203 Quintiliani
972 2132 1005 2190 et
1024 2127 1144 2208 dialogi
1165 2126 1244 2191 locis

172 2227 288 2306 allatis,
312 2227 367 2309 qui
387 2227 473 2292 inter
495 2235 529 2291 se
542 2231 608 2292 'aut
625 2228 826 2294 'dissentiunt
852 2234 909 2292 aut
930 2228 1024 2309 plane
1051 2234 1242 2310 repugnant,

172 2327 339 2394 adfinem
365 2329 533 2410 perveniat
562 2329 822 2410 disceptationis:
856 2332 982 2413 „plume
1005 2329 1180 2414 confirmor
1209 2333 1243 2393 tu

172 2453 212 2495 ea
234 2432 408 2507 sententia,
440 2440 475 2496 ut
501 2431 706 2510 Quintiliano
729 2434 861 2496 arietari
882 2432 1062 2496 abiudicem
1078 2433 1245 2515 dialopum

174 2533 214 2597 de
236 2532 463 2597 orator·il›us“.

259 2633 323 2699 Sed
345 2634 434 2699 aliud
455 2635 553 2700 etiam
583 2634 703 2701 habent
731 2641 966 2718 argumentum,
1000 2637 1055 2719 qui
1077 2636 1246 2713 Quintilia-

173 2756 249 2802 num
272 2742 435 2801 auctorem
458 2755 528 2802 esse
543 2739 751 2816 contendunt,
768 2757 807 2802 ex
821 2739 938 2803 aetatis
952 2739 1077 2803 ratione
1091 2739 1244 2819 petitum:

171 2841 351 2915 „coacepit
370 2848 402 2903 et
416 2841 537 2904 aetatis
551 2843 677 2916 ratio‚“
691 2839 795 2921 inquit
808 2839 953 2920 Lipsius3
974 2840 1245 2918 „Quintilianum

174 2938 358 3006 Domitiani
379 2941 577 3025 temporibus
599 2951 632 3005 et
646 2941 782 3006 Neroua
804 2943 922 3006 oirissi
941 2942 1101 3006 historiae
1118 2960 1244 3026 appro-

174 3044 287 3110 haut“.
331 3043 415 3108 Illud
437 3046 658 3121 „concauit
680 3046 801 3108 aetatis
816 3046 934 3107 rotio“
955 3062 1015 3125 per
1038 3063 1072 3110 se
1087 3044 1153 3108 iam
1169 3045 1246 3109 nihil

174 3147 303 3229 probat;
339 3148 397 3211 sed
429 3165 469 3211 ne
503 3146 651 3210 convenit
684 3146 822 3228 quidem.
868 3146 1098 3227 Comparemus
1128 3145 1247 3228 dialogi

174 3255 303 3334 tempus
331 3268 402 3313 cum
434 3253 542 3313 aetate
572 3247 769 3324 Quintiliani.
813 3247 941 3329 Dialogi
974 3249 1103 3329 quidem
1136 3255 1248 3313 auctor

174 3335 247 3432 ipse*
266 3352 313 3416 illi
334 3349 547 3432 disputationi
569 3348 780 3413 admodum
803 3349 983 3414 iuvenem
1008 3367 1042 3414 se
1063 3349 1248 3416 interfuisse
1303 3411 1304 3414 ,

175 3453 255 3518 dicit
278 3453 366 3534 (dial.
390 3472 416 3518 e.
442 3453 496 3534 1.).
542 3451 611 3528 Quo
633 3456 777 3531 tempore
807 3454 915 3514 autem
942 3469 981 3516 ea
1007 3451 1118 3516 habita
1138 3453 1191 3531 sit,
1214 3453 1248 3519 in

175 3553 281 3618 libello
303 3553 374 3634 ipso
396 3553 525 3619 disertis
546 3552 653 3618 verbis
674 3552 860 3633 exponitur:
883 3563 1006 3630 „serta
1026 3553 1136 3637 seticis
1155 3559 1247 3638 prim

177 3659 308 3739 cipatus
329 3658 483 3733 statione,
508 3675 573 3742 quta
601 3655 828 3740 Vespasianus
854 3675 922 3720 rem
941 3656 1107 3738 publicam
1126 3653 1248 3740 fooet“

166 3760 320 3842 '(c.17.).
367 3759 447 3824 Cum
476 3764 584 3823 autem
616 3759 834 3838 Vespasianus
862 3758 938 3822 anni
966 3763 1015 3822 69.
1046 3778 1076 3838 p.
1108 3758 1182 3823 Chr.
1216 3779 1247 3824 11.

153 3860 330 3928 'Kalendis
353 3859 448 3926 tuliis
470 3861 684 3940 principatum
707 3859 836 3941 ceperit,
868 3863 977 3924 sextus
998 3859 1126 3941 imperii
1148 3879 1249 3926 annus

176 3963 239 4028 fuit
263 3971 312 4027 rt.
336 3963 386 4027 vel
411 3967 459 4026 75.
484 3961 699 4038 Quintilianus
721 3980 797 4025 vero
820 3961 905 4026 intra
927 3970 1033 4026 artu.
1057 3966 1098 4025 et*
1112 3968 1161 4025 44.
1178 3963 1249 4026 aevi

177 4066 280 4132 nostri
302 4071 398 4130 natus
421 4064 580 4147 quomodo
603 4081 637 4142 se
659 4064 693 4148 iu
714 4063 841 4143 dialogo
869 4064 1064 4141 „admodum
1082 4065 1248 4128 iuuenem‘

177 4167 339 4250 potuisset
360 4166 534 4243 nominare,
558 4182 630 4230 oum
653 4173 709 4230 33:
726 4165 777 4228 vel
799 4171 983 4246 taugeret
1004 4166 1147 4230 annum?
1170 4184 1248 4247 quo-

178 4272 273 4335 modo
295 4269 519 4350 praeteream
542 4267 617 4332 inst.
641 4271 720 4331 orat.
742 4266 781 4331 X.
805 4273 901 4332 3.12.
925 4266 1045 4331 iulium
1069 4265 1249 4334 Secundum
