3092 4928
315 423 362 495 36

314 631 422 691 autem
444 628 546 692 nescit
568 631 661 690 tanto
683 626 801 692 aetatis
823 625 1006 691 discrimine
1028 626 1156 691 dicendi
1178 645 1279 708 genus
1293 647 1388 709 saepe

313 732 452 796 mutari?
502 731 585 795 Nam
615 731 709 795 stilus
736 729 885 809 proprius
911 728 1024 810 cuique
1046 728 1175 810 quidem
1197 729 1318 794 homini
1339 729 1389 794 in-

313 838 409 898 natus
432 839 490 910 est,
514 834 572 898 sed
595 833 770 897 secundum
792 829 881 894 varia
903 829 1048 910 exempla
1069 835 1102 898 et
1116 836 1288 912 praecepta
1302 829 1389 895 vario

314 936 410 998 modo
437 935 600 999 exeolitur.
654 932 804 1011 Quemvis
831 937 939 997 autem
961 933 992 996 in
1016 938 1086 997 arte
1108 933 1266 998 litteraria
1287 933 1390 997 virum

314 1055 466 1124 magnum
489 1035 774 1100 animadvertimus
796 1034 829 1098 in
848 1033 1039 1100 iuvenilibus
1053 1034 1204 1115 operibus
1219 1035 1261 1098 ad
1275 1034 1390 1115 prioris

314 1138 450 1202 alicuius
481 1136 622 1201 auctoris
654 1135 832 1217 exemplum
859 1153 893 1200 se
923 1136 1090 1214 acclinare,
1113 1155 1132 1200 a
1155 1135 1245 1201 cuius
1267 1136 1392 1200 ratione

314 1238 434 1305 iudicio
466 1243 629 1303 maturato
662 1237 764 1318 magis
797 1238 963 1319 magisque
995 1238 1118 1303 recedit
1147 1245 1180 1302 et
1208 1241 1278 1301 tum
1301 1255 1391 1303 suam

315 1343 478 1423 propriam
502 1340 646 1421 sequitur
667 1338 807 1404 indolem
830 1358 867 1405 ac
893 1344 1051 1404 naturam.
1098 1339 1149 1405 Sic
1172 1340 1302 1406 Tacitus
1323 1339 1391 1421 pri-

316 1443 424 1508 oribus
440 1443 506 1508 suis
522 1443 646 1517 studiis,
671 1460 752 1524 quae
768 1440 981 1522 eloquentiam
1000 1440 1192 1520 tractabant,
1216 1460 1341 1506 summo
1359 1441 1391 1506 in

315 1551 385 1610 arte
397 1544 557 1608 rhetorica
569 1544 715 1609 Ciceroni
732 1561 765 1607 se
774 1544 1029 1608 accommodavit
1044 1548 1077 1608 et
1090 1544 1185 1609 huius
1200 1545 1233 1610 in
1246 1562 1392 1610 sermone

316 1646 519 1727 splendorem
542 1654 574 1708 et
595 1645 858 1725 perspicuitatem
875 1644 1021 1710 imitatus
1040 1651 1098 1710 est.
1135 1645 1246 1727 Neque
1261 1645 1393 1710 Tacitus

317 1748 404 1813 solus
435 1753 485 1812 est
514 1746 600 1810 illius
629 1747 747 1811 aetatis
769 1748 917 1828 scriptor,
947 1748 1002 1829 qui
1024 1747 1188 1813 Ciceronis
1209 1749 1242 1813 in
1265 1749 1393 1814 dicendi

317 1868 434 1931 genere
457 1849 602 1930 vestigiis
624 1847 754 1912 insistit.
799 1850 862 1913 Ars
884 1849 1044 1914 rhetorica
1065 1850 1193 1931 quidem
1217 1851 1276 1916 sub
1290 1852 1392 1932 impe-

318 1959 473 2030 rat0ru1n,
497 1951 653 2032 imprimis
675 1951 812 2016 Neronis
834 1951 1016 2032 principatu
1032 1951 1078 2014 ita
1094 1957 1164 2016 erat
1180 1953 1345 2018 demutata
1360 1959 1394 2016 et

317 2059 478 2134 corrupta,
512 2058 549 2116 ut
582 2053 685 2117 cretio
718 2053 842 2134 aequali
872 2058 905 2116 et
934 2051 1106 2118 artificiosa
1136 2053 1393 2120 enunciationum

317 2155 555 2223 constructione
577 2155 724 2235 neglecta
745 2155 778 2219 in
801 2154 935 2235 singulis
955 2153 1096 2218 breviter
1118 2160 1150 2220 et
1173 2157 1214 2220 ad
1229 2161 1394 2222 externam

317 2259 455 2341 speciem
479 2258 643 2338 eleganter
658 2257 755 2321 dictis
770 2257 849 2320 etin
866 2256 1066 2321 sententiolis
1081 2258 1272 2323 acuminatis
1282 2251 1394 2324 ‘versa-

316 2367 415 2428 retur.
440 2361 520 2425 Cum
531 2360 651 2424 Flaviis
662 2359 893 2441 imperantibus
905 2359 1072 2424 universus
1083 2358 1277 2440 reipublicae
1289 2363 1394 2425 status

259 2543 265 2556 ·
316 2465 350 2528 in
380 2463 493 2528 melius
523 2467 771 2539 converteretur,
795 2480 866 2526 cum
889 2463 968 2526 haec
986 2459 1060 2541 ipsa
1082 2462 1246 2526 conversio
1267 2461 1394 2526 litteras

318 2571 351 2631 11
366 2571 454 2630 artes
469 2569 600 2630 cunctas
615 2564 646 2627 vi
661 2568 693 2628 et
708 2564 830 2644 impetu
846 2564 984 2645 quodam
1000 2565 1152 2640 moveret,
1168 2582 1220 2628 ars
1235 2563 1394 2628 rhetorica
1414 2645 1418 2658 .

321 2669 420 2733 etiam
436 2685 549 2731 novam
567 2664 628 2730 sibi
642 2666 726 2729 viam
743 2664 908 2746 aperiebat
922 2684 960 2729 ac
976 2663 1152 2730 muniebat:
1175 2666 1217 2728 ad
1232 2665 1394 2730 Ciceronis

317 2769 480 2849 exemplar
501 2786 649 2848 regressa
671 2767 843 2848 pristinum
859 2787 980 2833 morem
996 2769 1154 2834 sincerum
1170 2773 1203 2832 et
1218 2768 1392 2850 simplicem

317 2871 488 2936 revocabat
514 2875 547 2934 et
568 2869 761 2935 restituebat
785 2875 818 2936 et
837 2876 938 2936 semet
953 2870 1024 2950 ipsa
1038 2869 1258 2951 regenerabat.
1296 2870 1394 2937 Cuius

319 2973 385 3038 stili
416 2971 598 3053 regenerati
629 2971 820 3053 praecipuus
852 2978 902 3037 est
934 2976 1046 3037 auctor
1079 2971 1303 3051 Quintilianus,
1341 2972 1395 3054 qui

320 3074 459 3139 Senecae
487 3073 520 3137 in
549 3073 684 3137 dicendo
713 3074 832 3138 rationi
858 3074 989 3154 ineptae
1011 3092 1046 3138 se
1067 3074 1258 3156 opposuit,¹)
1282 3075 1394 3138 eodem

318 3193 396 3240 osus
418 3180 468 3240 est
490 3174 612 3239 Plinius
634 3174 746 3253 minor,
770 3176 882 3240 eodem
904 3175 1035 3242 Tacitus
1059 3176 1091 3241 in
1116 3177 1252 3258 dialogo.
1290 3179 1396 3259 Atque

320 3279 482 3346 Ciceronis
504 3279 559 3343 illa
577 3279 716 3343 imitatio
730 3278 763 3344 in
778 3280 927 3346 universa
941 3278 1068 3344 dicendi
1082 3278 1206 3344 ratione
1220 3279 1253 3344 in
1268 3278 1397 3361 dialogo

320 3381 465 3446 adhibita
485 3381 657 3462 perspicua
678 3387 729 3446 est
751 3386 784 3446 et
806 3381 978 3464 evidens.²)
1023 3381 1145 3457 Quodsi
1165 3386 1279 3462 postea
1299 3401 1396 3463 prae-

321 3486 443 3550 clarum
473 3484 552 3549 illud
583 3483 762 3564 exemplum
785 3484 915 3549 Tacitus
936 3503 1068 3565 prorsus
1090 3483 1229 3566 reliquit,
1253 3484 1317 3548 iam
1338 3502 1398 3564 per

321 3605 477 3651 annorum
499 3603 650 3667 magnum
673 3585 875 3650 intervallum
891 3603 955 3652 non
969 3586 1017 3650 ita
1031 3585 1147 3649 mirum
1162 3589 1270 3666 potest
1284 3586 1396 3650 videri.

406 3688 552 3752 Alterum
584 3685 709 3752 accedit
738 3694 771 3751 et
793 3688 922 3768 gravius
943 3691 1150 3752 momentum.
1194 3686 1323 3768 Dialogi
1343 3705 1396 3751 ar·

322 3796 510 3873 gumentum
553 3789 668 3870 ipsum,
710 3790 795 3870 quod
831 3789 1023 3871 rhetoricam
1060 3794 1183 3855 tractat
1218 3790 1397 3868 materiam,

322 3893 483 3959 diversum
517 3910 554 3956 11
586 3891 617 3956 in
652 3891 741 3957 libris
774 3891 937 3958 historicis
971 3892 1079 3958 stilum
1113 3892 1308 3974 postulabat.
1358 3892 1397 3956 In

410 4233 434 4298 ¹)
452 4246 478 4284 v.
498 4228 556 4283 inst
585 4235 656 4284 orat.
676 4229 744 4284 XII.
766 4233 807 4286 10.
828 4234 852 4296 1,
871 4231 915 4286 46.

408 4313 652 4383 1)11.Ε111111111.
672 4315 688 4370 l.
708 4315 727 4370 l.
746 4332 774 4385 p.
794 4317 837 4371 76.
